Account Name       :                	Mr. MOOLE MADHAN MOHAN REDDY
Address            :	NO 526 STATE BANK OF INDIA
                                    	THUABRAHALLI BR
                                    	BANGALORE-560066
                                    	Bangalore
Date               :                	15 Mar 2016
Account Number     :	_00000020112694210
Account Description:	SBCHQ-CSA-PUBIND-CSSILVER-INR
Branch             :	THUBARAHALLI BRANCH
Drawing Power      :	0.00
Interest Rate(% p.a.):	4.0
MOD Balance      :	0.00
CIF No.          :	_86153868825
IFS Code         :	SBIN0017042
MICR Code        :	_560002224
Nomination Registered    :	Yes 
Balance on 1 Jan 2013        :	14,987.00
Start Date          :	1 Jan 2013
End Date            :	30 Jun 2013
Txn Date	Value Date	Description	Ref No./Cheque No.	        Debit	Credit	Balance	
5 Apr 2013	5 Apr 2013	   ATM WDL-ATM 6171  SBT  MARTHAHALLY      BANGALORE    KA IN--		1,900.00	 	13,087.00
10 Apr 2013	10 Apr 2013	   ATM WDL-ATM 7777  SBT  MARTHAHALLY      BANGALORE    KA IN--		6,000.00	 	7,087.00
19 Apr 2013	19 Apr 2013	   TO TRANSFER-INB--	IT61410678               TRANSFER TO 11313768921  	6,000.00	 	1,087.00
21 Apr 2013	21 Apr 2013	   ATM WDL-ATM 486   SBT  MARTHAHALLY      BANGALORE    KA IN--		700.00	 	387.00
23 Apr 2013	23 Apr 2013	   ATM WDL-ATM 1240  SBT  MARTHAHALLY      BANGALORE    KA IN--		300.00	 	87.00
30 Apr 2013	30 Apr 2013	   BY TRANSFER-NEFT SCBL0036001SIN00892Q2044214TATA CONSULTANCY S--	TRANSFER FROM 3199342044305	 	18,823.00	18,910.00
30 Apr 2013	30 Apr 2013	   ATM WDL-ATM 28699 TCS, GR TECH PARK     BANGALORE    KA IN--		1,400.00	 	17,510.00
30 Apr 2013	30 Apr 2013	   DEBIT SWEEP---	SWEEP TO 32969561300	12,000.00	 	5,510.00
6 May 2013	6 May 2013	   TRANSFER CREDIT-INB--	SWEEP FROM 32969561300                            	 	5,000.00	10,510.00
6 May 2013	6 May 2013	   TO TRANSFER-INB--	IT62580945               TRANSFER TO 11313768921  	10,000.00	 	510.00
7 May 2013	7 May 2013	   TRANSFER CREDIT-INB--	SWEEP FROM 32969561300                            	 	5,006.00	5,516.00
7 May 2013	7 May 2013	   TO TRANSFER-INB--	IT62657108               TRANSFER TO 20112694221  	5,000.00	 	516.00
10 May 2013	10 May 2013	   TRANSFER CREDIT-            5646220510213743S10A700713001   5540--	SWEEP FROM 32969561300                            	 	1,002.00	1,518.00
10 May 2013	10 May 2013	   ATM WDL-ATM 5540  SBT  MARTHAHALLY      BANGALORE    KA IN--		800.00	 	718.00
10 May 2013	10 May 2013	   REVERSE ATM WDL---		 	800.00	1,518.00
10 May 2013	10 May 2013	   ATM WDL-ATM 5541  SBT  MARTHAHALLY      BANGALORE    KA IN--		800.00	 	718.00
11 May 2013	11 May 2013	   BY TRANSFER-NEFT HDFC00000010777131131724834NUPAL REDDY KANALA--	TRANSFER FROM 3199341044306	 	5,000.00	5,718.00
11 May 2013	11 May 2013	   ATM WDL-ATM 6032  DANDELI                BANGALORE      IN--		2,000.00	 	3,718.00
14 May 2013	14 May 2013	   ATM WDL-ATM 7088  AXIS BANK LIMITED     BANGALORE    KA IN--		3,200.00	 	518.00
17 May 2013	17 May 2013	   ATM WDL-ATM 6944  SBT  MARTHAHALLY      BANGALORE    KA IN--		500.00	 	18.00
23 May 2013	23 May 2013	   TRANSFER CREDIT- RE ATM 7928 DT22/05/13 98581--	SWEEP FROM 32969561300                            	 	1,004.00	1,022.00
23 May 2013	23 May 2013	   TO TRANSFER- RE ATM 7928 DT22/05/13 98581--	TRANSFER TO 98581076172	400.00	 	622.00
24 May 2013	24 May 2013	   ATM WDL-ATM 8253  SBT  MARTHAHALLY      BANGALORE    KA IN--		400.00	 	222.00
31 May 2013	31 May 2013	   BY TRANSFER-NEFT*SCBL0036001*SIN00892Q2103565*TATA CONSULTANCY--	TRANSFER FROM 3199420044306	 	22,923.00	23,145.00
1 Jun 2013	1 Jun 2013	   ATM WDL-ATM 60    SBT  MARTHAHALLY      BANGALORE    KA IN--		6,000.00	 	17,145.00
8 Jun 2013	8 Jun 2013	   ATM WDL-ATM 1982  SBT  MARTHAHALLY      BANGALORE    KA IN--		7,000.00	 	10,145.00
11 Jun 2013	11 Jun 2013	   ATM WDL-ATM 4078  MARATHAHALLI           BANGALORE    K IN--		5,000.00	 	5,145.00
15 Jun 2013	15 Jun 2013	   ATM WDL-ATM 4562  MARATHAHALLI           BANGALORE    K IN--		2,000.00	 	3,145.00
18 Jun 2013	18 Jun 2013	   ATM WDL-ATM 28686 TCS, GR TECH PARK     BANGALORE    KA IN--		800.00	 	2,345.00
22 Jun 2013	22 Jun 2013	   ATM WDL-ATM 28688 TCS, GR TECH PARK     BANGALORE    KA IN--		900.00	 	1,445.00
26 Jun 2013	26 Jun 2013	   ATM WDL-ATM 6343  SBT  MARTHAHALLY       BANGALORE    KAIN--		800.00	 	645.00
27 Jun 2013	27 Jun 2013	   DEBIT-SERVICE.CHARGES.FOR.JUN.2013......................--		17.00	 	628.00
28 Jun 2013	28 Jun 2013	   BY TRANSFER-NEFT*SCBL0036001*SIN00892Q2170587*TATA CONSULTANCY--	TRANSFER FROM 3199679044302	 	18,250.00	18,878.00
29 Jun 2013	29 Jun 2013	   ATM WDL-ATM 6945  SBT  MARTHAHALLY       BANGALORE    KAIN--		1,900.00	 	16,978.00
30 Jun 2013	30 Jun 2013	   DEBIT SWEEP---	SWEEP TO 33092054216	11,000.00	 	5,978.00
30 Jun 2013	30 Jun 2013	   CREDIT INTEREST---		 	89.00	6,067.00
