Account Name       :                	Mr. MOOLE MADHAN MOHAN REDDY
Address            :	NO 526 STATE BANK OF INDIA
                                    	THUABRAHALLI BR
                                    	BANGALORE-560066
                                    	Bangalore
Date               :                	15 Mar 2016
Account Number     :	_00000020112694210
Account Description:	SBCHQ-CSA-PUBIND-CSSILVER-INR
Branch             :	THUBARAHALLI BRANCH
Drawing Power      :	0.00
Interest Rate(% p.a.):	4.0
MOD Balance      :	0.00
CIF No.          :	_86153868825
IFS Code         :	SBIN0017042
MICR Code        :	_560002224
Nomination Registered    :	Yes 
Balance on 1 Jul 2013        :	6,067.00
Start Date          :	1 Jul 2013
End Date            :	31 Dec 2013
Txn Date	Value Date	Description	Ref No./Cheque No.	        Debit	Credit	Balance	
3 Jul 2013	3 Jul 2013	   CASH DEPOSIT-CASH DEPOSIT SELF--		 	20,000.00	26,067.00
4 Jul 2013	4 Jul 2013	   TO TRANSFER-INB--	IT66791083               TRANSFER TO 20112694221  	10,000.00	 	16,067.00
4 Jul 2013	4 Jul 2013	   ATM WDL-ATM 9697  WHITEFIELD BRANCH       YEDEHALLI OFFKIN--		2,900.00	 	13,167.00
12 Jul 2013	12 Jul 2013	   ATM WDL-ATM 28697 TCS, GR TECH PARK      BANGALORE    KAIN--		1,200.00	 	11,967.00
14 Jul 2013	14 Jul 2013	   ATM WDL-ATM 1370  WHITEFIELD BR           WHITEFIELD BRKIN--		5,000.00	 	6,967.00
15 Jul 2013	15 Jul 2013	   TRANSFER CREDIT-INB--	SWEEP FROM 33092054216                            	 	4,010.00	10,977.00
15 Jul 2013	15 Jul 2013	   TO TRANSFER-INB--	IT67633009               TRANSFER TO 20112694221  	10,000.00	 	977.00
17 Jul 2013	17 Jul 2013	   BULK POSTING-REVERSAL.OF.SERVICES.CHARGES.FOR.APR-JUN.2013.....--		 	2.00	979.00
20 Jul 2013	20 Jul 2013	   TRANSFER CREDIT-            6560590720194454S1ACYE01        4492--	SWEEP FROM 33092054216                            	 	2,007.00	2,986.00
20 Jul 2013	20 Jul 2013	   ATM WDL-ATM 4492  WHITEFIELD BRANCH       YEDEHALLI OFFKIN--		2,000.00	 	986.00
20 Jul 2013	20 Jul 2013	   POS PRCH-POS 274287 KESAR.                 BANGALO--		470.00	 	516.00
22 Jul 2013	22 Jul 2013	   TRANSFER CREDIT-            3887050722143539S1CW4779        286890--	SWEEP FROM 33092054216                            	 	2,007.00	2,523.00
22 Jul 2013	22 Jul 2013	   ATM WDL-ATM 28689 TCS, GR TECH PARK      BANGALORE    KAIN--		1,517.00	 	1,006.00
24 Jul 2013	24 Jul 2013	   TRANSFER CREDIT-            3794120724182744S1CW4779        286952--	SWEEP FROM 33092054216                            	 	1,004.00	2,010.00
24 Jul 2013	24 Jul 2013	   ATM WDL-ATM 28695 TCS, GR TECH PARK     BANGALORE    KARIN--		1,417.00	 	593.00
28 Jul 2013	28 Jul 2013	   TRANSFER CREDIT-            6830550728093218E1AWBG16        2488--	SWEEP FROM 33092054216                            	 	1,005.00	1,598.00
28 Jul 2013	28 Jul 2013	   ATM WDL-ATM 2488  WHITEFIELD BR          WHITEFIELD IIKAIN--		817.00	 	781.00
31 Jul 2013	31 Jul 2013	   BY TRANSFER-NEFT*SCBL0036001*SIN00892Q2212257*TATA CONSULTANCY--	TRANSFER FROM 3199680044308	 	19,250.00	20,031.00
31 Jul 2013	31 Jul 2013	   ATM WDL-ATM 28685 TCS, GR TECH PARK     BANGALORE    KARIN--		417.00	 	19,614.00
1 Aug 2013	1 Aug 2013	   TO TRANSFER-INB--	IT68795500               TRANSFER TO 20112694221  	9,000.00	 	10,614.00
3 Aug 2013	3 Aug 2013	   TO TRANSFER-INB Ten Thousand Only--	IT68996093               TRANSFER TO 11313768921  	10,000.00	 	614.00
8 Aug 2013	8 Aug 2013	   ATM WDL-ATM 28701 TCS, GR TECH PARK     BANGALORE    KARIN--		400.00	 	214.00
30 Aug 2013	30 Aug 2013	   BY TRANSFER-NEFT*SCBL0036001*SIN00892Q2275567*TATA CONSULTANCY--	TRANSFER FROM 3199410044308	 	21,050.00	21,264.00
30 Aug 2013	30 Aug 2013	   TO TRANSFER-INB--	IT70975558               TRANSFER TO 20112694221  	10,000.00	 	11,264.00
2 Sep 2013	2 Sep 2013	   TO TRANSFER-INB--	IT71196949               TRANSFER TO 20112694221  	6,000.00	 	5,264.00
7 Sep 2013	7 Sep 2013	   TRANSFER CREDIT-INB--	SWEEP FROM 33092054216                            	 	1,011.00	6,275.00
7 Sep 2013	7 Sep 2013	   TO TRANSFER-INB--	IT71747030               TRANSFER TO 20112694221  	6,000.00	 	275.00
24 Sep 2013	24 Sep 2013	   DEBIT-Service.Charges.Sep.2013..........................--		15.00	 	260.00
29 Sep 2013	29 Sep 2013	   ATM WDL-ATM 02728 BROOK FIELDS KUNDANAHA BANGALORE    KAIN--		200.00	 	60.00
30 Sep 2013	30 Sep 2013	   BY TRANSFER-NEFT*SCBL0036001*SIN00892Q2347693*TATA CONSULTANCY--	TRANSFER FROM 3199418044301	 	19,250.00	19,310.00
30 Sep 2013	30 Sep 2013	   TO TRANSFER-INB--	IT73312583               TRANSFER TO 20112694221  	10,000.00	 	9,310.00
1 Oct 2013	1 Oct 2013	   ATM WDL-ATM 28702 TCS  GR TECH PARK      BANGALORE    KAIN--		3,000.00	 	6,310.00
8 Oct 2013	8 Oct 2013	   BY TRANSFER-NEFT*HDFC0000001*0777281133223573*N SWARNATA--	TRANSFER FROM 3199412044307	 	15,000.00	21,310.00
10 Oct 2013	10 Oct 2013	   TO TRANSFER-INB--	IT74382133               TRANSFER TO 11313768921  	10,000.00	 	11,310.00
15 Oct 2013	15 Oct 2013	   ATM WDL-ATM 28696 TCS  GR TECH PARK      BANGALORE    KAIN--		1,000.00	 	10,310.00
15 Oct 2013	15 Oct 2013	   TO TRANSFER-INB--	IT74726175               TRANSFER TO 20112694221  	8,000.00	 	2,310.00
20 Oct 2013	20 Oct 2013	   ATM WDL-ATM 3301  SBI BEML LAYOUT       BANGALORE    KA IN--		1,500.00	 	810.00
21 Oct 2013	21 Oct 2013	   ATM WDL-ATM 2785  WHITEFIELD BRANCH      YEDEHALLI OFFKAIN--		500.00	 	310.00
31 Oct 2013	31 Oct 2013	   BY TRANSFER-NEFT*SCBL0036001*SIN00892Q2451264*TATA CONSULTANCY--	TRANSFER FROM 3199413044306	 	23,295.00	23,605.00
4 Nov 2013	4 Nov 2013	   ATM WDL-ATM 3632  SBI  MYDUKURU         MYDUKURU     AP IN--		12,000.00	 	11,605.00
5 Nov 2013	5 Nov 2013	   TO TRANSFER-INB--	IT76278536               TRANSFER TO 20112694221  	10,000.00	 	1,605.00
9 Nov 2013	9 Nov 2013	   ATM WDL-ATM 6062  SBI BEML LAYOUT       BANGALORE    KA IN--		500.00	 	1,105.00
12 Nov 2013	12 Nov 2013	   BY TRANSFER-INB--	IT76976094               TRANSFER FROM 30487129131	 	950.00	2,055.00
19 Nov 2013	19 Nov 2013	   ATM WDL-ATM 28687 TCS  GR TECH PARK      BANGALORE    KAIN--		700.00	 	1,355.00
23 Nov 2013	23 Nov 2013	   TO TRANSFER-INB--	IT77698784               TRANSFER TO 20112694221  	1,000.00	 	355.00
29 Nov 2013	29 Nov 2013	   BY TRANSFER-NEFT*SCBL0036001*SIN00892Q2518738*TATA CONSULTANCY--	TRANSFER FROM 3199421044306	 	25,095.00	25,450.00
29 Nov 2013	29 Nov 2013	   ATM WDL-ATM 28688 TCS  GR TECH PARK      BANGALORE    KAIN--		1,400.00	 	24,050.00
29 Nov 2013	29 Nov 2013	   TO TRANSFER-INB--	IT78141946               TRANSFER TO 20112694221  	10,000.00	 	14,050.00
3 Dec 2013	3 Dec 2013	   TO TRANSFER-INB--	IT78650994               TRANSFER TO 20112694221  	4,250.00	 	9,800.00
4 Dec 2013	4 Dec 2013	   ATM WDL-ATM 28688 TCS  GR TECH PARK      BANGALORE    KAIN--		3,200.00	 	6,600.00
6 Dec 2013	6 Dec 2013	   ATM WDL-ATM 28695 TCS  GR TECH PARK      BANGALORE    KAIN--		900.00	 	5,700.00
10 Dec 2013	10 Dec 2013	   ATM WDL-ATM 28688 TCS  GR TECH PARK      BANGALORE    KAIN--		800.00	 	4,900.00
13 Dec 2013	13 Dec 2013	   POS PRCH-POS 663776 470000042544125       BANGALOR--		200.00	 	4,700.00
13 Dec 2013	13 Dec 2013	   ATM WDL-ATM 28698 TCS  GR TECH PARK      BANGALORE    KAIN--		900.00	 	3,800.00
21 Dec 2013	21 Dec 2013	   ATM WDL-ATM 9814  SBH  RLY.STN.KACHIGUD HYDERABAD    AP IN--		1,500.00	 	2,300.00
23 Dec 2013	23 Dec 2013	   ATM WDL-ATM 5518  BOB                   SHIRDI       MH IN--		1,500.00	 	800.00
27 Dec 2013	27 Dec 2013	   ATM WDL-ATM 28689 TCS  GR TECH PARK      BANGALORE    KAIN--		717.00	 	83.00
28 Dec 2013	28 Dec 2013	   DEBIT-Service.Charges.Dec.2013..........................--		15.00	 	68.00
31 Dec 2013	31 Dec 2013	   BY TRANSFER-NEFT*SCBL0036001*SIN00892Q2614290*TATA CONSULTANCY--	TRANSFER FROM 3199423044304	 	25,289.00	25,357.00
31 Dec 2013	31 Dec 2013	   ATM WDL-ATM 28696 TCS  GR TECH PARK      BANGALORE    KAIN--		917.00	 	24,440.00
31 Dec 2013	31 Dec 2013	   CREDIT INTEREST---		 	86.00	24,526.00
