Account Name       :                	Mr. MOOLE  MAHESWARA REDDY
Address            :	D NO:14-284-8-1
                                    	SAINATHA PURAM
                                    	MYDUKUR-516172
                                    	Y.S.R.
Date               :                	20 May 2017
Account Number     :	_00000031794520117
Account Description:	SBNCHQ-GEN-PUB-IND-NONRURAL
Branch             :	MYDUKUR
Drawing Power      :	0.00
Interest Rate(% p.a.):	4.0
MOD Balance      :	0.00
CIF No.          :	_86059937445
IFS Code         :	SBIN0002761
MICR Code        :	_516002564
Nomination Registered    :	Yes 
Balance on 1 Jul 2015        :	57.14
Start Date          :	1 Jul 2015
End Date            :	31 Dec 2015
Txn Date	Value Date	Description	Ref No./Cheque No.	        Debit	Credit	Balance	
2 Jul 2015	2 Jul 2015	   CASH DEPOSIT-CASH Deposited at GCC by GRC Card-0060060004768569--		 	17,000.00	17,057.14
3 Jul 2015	3 Jul 2015	   ATM WDL-ATM 7398  +OPP. GURUDWARA        HYDERABAD    TSIN--		2,000.00	 	15,057.14
6 Jul 2015	6 Jul 2015	   TO TRANSFER-INB GRPT SBI0607152619722 MOOLE MAHESWARA REDDY--	GRPT INB: IZ10932439                              	3,002.50	 	12,054.64
8 Jul 2015	8 Jul 2015	   ATM WDL-ATM 152   +ATM CASH BESIDE BJP OFHYDERABAD    TSIN--		10,000.00	 	2,054.64
8 Jul 2015	8 Jul 2015	   ATM WDL-ATM 4300  +ATM CASH-BESIDE BJP OFHYDERABAD    TSIN--		1,022.00	 	1,032.64
22 Jul 2015	22 Jul 2015	   ATM WDL-ATM 9323  SBH  SANJIVAREDDYNAGA HYDERABAD    AP IN--		500.00	 	532.64
25 Jul 2015	25 Jul 2015	   TO TRANSFER-INB NEFT SBIN515206143563 boggavarapu vijaya krish--	NEFT INB: IR68303056                              	302.50	 	230.14
26 Jul 2015	26 Jul 2015	   TO TRANSFER-INB Railway Recruitment Board--	13237576284380680IG0AKPZDG4               TRANSFER	100.00	 	130.14
31 Jul 2015	31 Jul 2015	   TO TRANSFER-INB Avenues India Pvt. Ltd--	CCACG1MZU280IG0ALIPAM1               TRANSFER TO 3	8.00	 	122.14
1 Aug 2015	1 Aug 2015	   BY TRANSFER---	TRANSFER FROM 31696517991                         	 	10,000.00	10,122.14
2 Aug 2015	2 Aug 2015	   ATM WDL-ATM 6404  +LB NGR CIRCLE-1, H    RANGA REDDY  TSIN--		1,000.00	 	9,122.14
2 Aug 2015	2 Aug 2015	   TO TRANSFER-INB GRPT SBI0208153071374 MOOLE MAHESWARA REDDY--	GRPT INB: IZ11208280                              	202.50	 	8,919.64
2 Aug 2015	2 Aug 2015	   TO TRANSFER-INB Avenues India Pvt. Ltd--	CCACH1NQL214IG0ALRHSY0               TRANSFER TO 3	57.00	 	8,862.64
7 Aug 2015	7 Aug 2015	   ATM WDL-ATM 52190 IDBI VADALPALANI  DURAYSWAMI ROAD   TNIN--		1,000.00	 	7,862.64
10 Aug 2015	10 Aug 2015	   TO TRANSFER-INB Avenues India Pvt. Ltd--	CCACH1PNQ346IG0AMTCHS6               TRANSFER TO 3	520.00	 	7,342.64
10 Aug 2015	10 Aug 2015	   TO TRANSFER-INB Avenues India Pvt. Ltd--	CCACH1POE165IG0AMTMRP7               TRANSFER TO 3	520.00	 	6,822.64
10 Aug 2015	10 Aug 2015	   TO TRANSFER-INB Avenues India Pvt. Ltd--	CCACH1POE625IG0AMTNEV0               TRANSFER TO 3	505.00	 	6,317.64
12 Aug 2015	12 Aug 2015	   TO TRANSFER-INB Pisces eservices Pvt. Ltd--	394998757IG0ANCGCC4               TRANSFER TO 3217	287.45	 	6,030.19
12 Aug 2015	12 Aug 2015	   ATM WDL-ATM 1989  +HYD  SRNAGAR I        HYDERABAD    APIN--		3,000.00	 	3,030.19
12 Aug 2015	12 Aug 2015	   ATM WDL-ATM 1990  +HYD  SRNAGAR I        HYDERABAD    APIN--		9.00	 	3,021.19
13 Aug 2015	13 Aug 2015	   TO TRANSFER-INB Avenues India Pvt. Ltd--	CCACH1QGA803IG0ANEDYY0               TRANSFER TO 4	500.00	 	2,521.19
14 Aug 2015	14 Aug 2015	   BY TRANSFER-INB no thanks--	ITE3429864               TRANSFER FROM 34687952230	 	300.00	2,821.19
15 Aug 2015	15 Aug 2015	   by debit card-POS 522713780047 HARDCASTLE RESTAURANTS PVHyder--		616.00	 	2,205.19
18 Aug 2015	18 Aug 2015	   BY TRANSFER---	TRANSFER FROM 31696517991                         	 	2,000.00	4,205.19
19 Aug 2015	19 Aug 2015	   TO TRANSFER---	TRANSFER TO 33869422964                           	260.60	 	3,944.59
23 Aug 2015	23 Aug 2015	   TO TRANSFER-INB GRPT SBI2308153413832 MOOLE MAHESWARA REDDY--	GRPT INB: IZ11440872                              	103.50	 	3,841.09
26 Aug 2015	26 Aug 2015	   ATM WDL-ATM 4855  +HYD  SRNAGAR I        HYDERABAD    APIN--		522.00	 	3,319.09
28 Aug 2015	28 Aug 2015	   TO TRANSFER-INB Pisces eservices Pvt. Ltd--	406068629IG0APHDNO1               TRANSFER TO 3217	109.00	 	3,210.09
29 Aug 2015	29 Aug 2015	   ATM WDL-ATM 1605  SBH  SANJIVAREDDYNAGA HYDERABAD    AP IN--		300.00	 	2,910.09
30 Aug 2015	30 Aug 2015	   TO TRANSFER-INB Avenues India Pvt. Ltd--	CCACH1UOH796IG0APKTYC9               TRANSFER TO 4	8.00	 	2,902.09
1 Sep 2015	1 Sep 2015	   ATM WDL-ATM 6023  +HYD  SRNAGAR I        HYDERABAD    APIN--		400.00	 	2,502.09
1 Sep 2015	1 Sep 2015	   by debit card-POS 524414953417 Paytm.com                Noida--		50.00	 	2,452.09
2 Sep 2015	2 Sep 2015	   TO TRANSFER-INB Pisces eservices Pvt. Ltd--	408816508IG0APVCDD2               TRANSFER TO 3217	102.00	 	2,350.09
2 Sep 2015	2 Sep 2015	   TO TRANSFER-INB Avenues India Pvt. Ltd--	CCACI1VMB826IG0APWAHV2               TRANSFER TO 4	92.00	 	2,258.09
3 Sep 2015	3 Sep 2015	   TO TRANSFER-INB Avenues India Pvt. Ltd--	CCACI1VQS338IG0APXZUJ9               TRANSFER TO 4	67.00	 	2,191.09
3 Sep 2015	3 Sep 2015	   TO TRANSFER-INB Pisces eservices Pvt. Ltd--	409441577IG0APZPTF8               TRANSFER TO 3217	100.00	 	2,091.09
4 Sep 2015	4 Sep 2015	   ATM WDL-ATM 5438  SBH  SANJIVAREDDYNAGA HYDERABAD    AP IN--		500.00	 	1,591.09
5 Sep 2015	5 Sep 2015	   BY TRANSFER---	TRANSFER FROM 32983010445                         	 	500.00	2,091.09
8 Sep 2015	8 Sep 2015	   BY TRANSFER-INB Bro--	ITE6334086               TRANSFER FROM 20112694210	 	6,000.00	8,091.09
10 Sep 2015	10 Sep 2015	   ATM WDL-ATM CASH 9314  SBH  SANJIVAREDDYNAGA HYDERABAD--		500.00	 	7,591.09
11 Sep 2015	11 Sep 2015	   TO TRANSFER-INB Pisces eservices Pvt. Ltd--	414129890IG0ARBKDZ7               TRANSFER TO 3217	116.48	 	7,474.61
12 Sep 2015	12 Sep 2015	   TO TRANSFER-INB Avenues India Pvt. Ltd--	CCACI1YQI766IG0AREIKJ6               TRANSFER TO 4	200.00	 	7,274.61
13 Sep 2015	13 Sep 2015	   ATM WDL-ATM CASH 9449  +HYD  SRNAGAR I        HYDERABAD--		2,000.00	 	5,274.61
14 Sep 2015	14 Sep 2015	   ATM WDL-ATM CASH 7410  SBH  VJA-KLCE PATAMAT VIJAYAWADA--		2,000.00	 	3,274.61
14 Sep 2015	14 Sep 2015	   TO TRANSFER-INB Avenues India Pvt. Ltd--	CCACI1ZHM313IG0ARLEJM3               TRANSFER TO 4	347.00	 	2,927.61
15 Sep 2015	15 Sep 2015	   by debit card-POS 000562824807 M/S VIJAYA FOODS       VIJAYAW--		385.00	 	2,542.61
20 Sep 2015	20 Sep 2015	   TO TRANSFER-INB Avenues India Pvt. Ltd--	CCACI2BAZ721IG0ASERRW4               TRANSFER TO 4	463.00	 	2,079.61
22 Sep 2015	22 Sep 2015	   ATM WDL-ATM CASH 1114  SBI  MYDUKUR ONSITE 2 MYDUKUR--		300.00	 	1,779.61
24 Sep 2015	24 Sep 2015	   CASH DEPOSIT-CASH Deposited at GCC by GRC Card-0060060004768569--		 	3,000.00	4,779.61
24 Sep 2015	24 Sep 2015	   ATM WDL-ATM CASH 84    SBH  SANJIVAREDDYNAGA HYDERABAD--		2,000.00	 	2,779.61
24 Sep 2015	24 Sep 2015	   TO TRANSFER-INB Tinyowl Technology Privat--	053650123272647IG0ASTNXM2               TRANSFER T	201.00	 	2,578.61
26 Sep 2015	26 Sep 2015	   TO TRANSFER-INB Avenues India Pvt. Ltd--	CCACI1CTK189IG0ASYYKV1               TRANSFER TO 4	300.00	 	2,278.61
27 Sep 2015	27 Sep 2015	   ATM WDL-ATM CASH 6997  +SR NAGAR OATM         HYDERABAD--		1,022.00	 	1,256.61
27 Sep 2015	27 Sep 2015	   TO TRANSFER-INB Pisces eservices Pvt. Ltd--	424284267IG0ATCVAK6               TRANSFER TO 3217	109.20	 	1,147.41
28 Sep 2015	28 Sep 2015	   TO TRANSFER-INB Avenues India Pvt. Ltd--	CCACI1DJX480IG0ATFWCX8               TRANSFER TO 4	45.00	 	1,102.41
30 Sep 2015	30 Sep 2015	   TO TRANSFER-INB Avenues India Pvt. Ltd--	CCACI1DZR373IG0ATNHIU0               TRANSFER TO 4	37.00	 	1,065.41
4 Oct 2015	4 Oct 2015	   TO TRANSFER-INB Avenues India Pvt. Ltd--	CCACJ1FJN185IG0AUDEGN8               TRANSFER TO 4	30.00	 	1,035.41
4 Oct 2015	4 Oct 2015	   TO TRANSFER-INB Pisces eservices Pvt. Ltd--	430838852IG0AUDIEC3               TRANSFER TO 3217	120.60	 	914.81
5 Oct 2015	5 Oct 2015	   TO TRANSFER-INB Avenues India Pvt. Ltd--	CCACJ1FQA935IG0AUFSUD8               TRANSFER TO 4	25.00	 	889.81
6 Oct 2015	6 Oct 2015	   BY TRANSFER-INB Bro Monthly Expenses--	ITE9708979               TRANSFER FROM 20112694210	 	7,000.00	7,889.81
6 Oct 2015	6 Oct 2015	   TO TRANSFER-INB NEFT SBIN615279557204 AMAR--	NEFT INB: IR74286608                              	2,912.50	 	4,977.31
7 Oct 2015	7 Oct 2015	   ATM WDL-ATM CASH 5494  +DK ROAD-1,AMEERPET    HYDERABAD--		1,000.00	 	3,977.31
8 Oct 2015	8 Oct 2015	   TO TRANSFER-INB Avenues India Pvt. Ltd--	CCACJ1GOR432IG0AURZQS9               TRANSFER TO 4	100.00	 	3,877.31
9 Oct 2015	9 Oct 2015	   TO TRANSFER-INB PayU Payments Private Lim--	434748549IG0AUUMYQ8               TRANSFER TO 3217	182.00	 	3,695.31
9 Oct 2015	9 Oct 2015	   BY TRANSFER-INB Bro Java--	ITF0140302               TRANSFER FROM 20112694210	 	6,000.00	9,695.31
9 Oct 2015	9 Oct 2015	   by debit card-POS 528211107736 D MART                   HYDER--		526.00	 	9,169.31
14 Oct 2015	14 Oct 2015	   by debit card-POS 101314187451 Freecharge_BD            SBIPG--		50.00	 	9,119.31
14 Oct 2015	14 Oct 2015	   TO TRANSFER-INB Pisces eservices Pvt. Ltd--	439784604IG0AVNMYW3               TRANSFER TO 3217	140.00	 	8,979.31
16 Oct 2015	16 Oct 2015	   ATM WDL-ATM CASH 3757  SBH  SANJIVAREDDYNAGA HYDERABAD--		500.00	 	8,479.31
18 Oct 2015	18 Oct 2015	   TO TRANSFER-INB Avenues India Pvt. Ltd--	CCACJ1JPT113IG0AWCVQV8               TRANSFER TO 4	685.00	 	7,794.31
20 Oct 2015	20 Oct 2015	   ATM WDL-ATM CASH 7856  SBH  SANJIVAREDDYNAGA HYDERABAD--		400.00	 	7,394.31
25 Oct 2015	25 Oct 2015	   TO TRANSFER-INB Avenues India Pvt. Ltd--	CCACJ1LJI230IG0AWYEKO5               TRANSFER TO 4	544.00	 	6,850.31
25 Oct 2015	25 Oct 2015	   TO TRANSFER-INB Avenues India Pvt. Ltd--	CCACJ1LLL161IG0AWZEQW2               TRANSFER TO 4	350.00	 	6,500.31
2 Nov 2015	2 Nov 2015	   TO TRANSFER-INB NEFT SBIN615306894715 AMAR--	NEFT INB: IR76317909                              	3,502.50	 	2,997.81
2 Nov 2015	2 Nov 2015	   ATM WDL-ATM CASH 4413  SBH  SANJIVAREDDYNAGA HYDERABAD--		500.00	 	2,497.81
5 Nov 2015	5 Nov 2015	   BY TRANSFER-INB Bro--	ITF3504312               TRANSFER FROM 20112694210	 	8,000.00	10,497.81
5 Nov 2015	5 Nov 2015	   TO TRANSFER-INB GRPT SBI0511154806392 MOOLE MAHESWARA REDDY--	GRPT INB: IZ12258485                              	402.50	 	10,095.31
7 Nov 2015	7 Nov 2015	   BY TRANSFER---	TRANSFER FROM 33394664865                         	 	5,200.00	15,295.31
7 Nov 2015	7 Nov 2015	   ATM WDL-ATM CASH 2143  SBH  SANJIVAREDDYNAGA HYDERABAD--		5,200.00	 	10,095.31
12 Nov 2015	12 Nov 2015	   ATM WDL-ATM CASH 9037  SBH  SANJIVAREDDYNAGA HYDERABAD--		500.00	 	9,595.31
15 Nov 2015	15 Nov 2015	   ATM WDL-ATM CASH 1532  SBH  SANJIVAREDDYNAGA HYDERABAD--		500.00	 	9,095.31
20 Nov 2015	20 Nov 2015	   by debit card-POS ET4125476429 FREECHARGE            MUMBAI--		110.00	 	8,985.31
23 Nov 2015	23 Nov 2015	   ATM WDL-ATM CASH 608   +SR NAGAR OATM         HYDERABAD--		100.00	 	8,885.31
24 Nov 2015	24 Nov 2015	   by debit card-POS ET4133887024 FREECHARGE            MUMBAI--		60.00	 	8,825.31
3 Dec 2015	3 Dec 2015	   TO TRANSFER-INB NEFT SBIN715337471445 AMAR--	NEFT INB: IR79026579                              	2,702.50	 	6,122.81
5 Dec 2015	5 Dec 2015	   ATM WDL-ATM CASH 1501  SBH  SANJIVAREDDYNAGA HYDERABAD--		200.00	 	5,922.81
6 Dec 2015	6 Dec 2015	   BY TRANSFER-INB Bro--	ITF7279520               TRANSFER FROM 20112694210	 	7,000.00	12,922.81
6 Dec 2015	6 Dec 2015	   TO TRANSFER-INB GRPT SBI0612155313500 jayanth sbh--	GRPT INB: IZ12596213                              	202.50	 	12,720.31
7 Dec 2015	7 Dec 2015	   BY TRANSFER-INB IELTS--	ITF7432908               TRANSFER FROM 20112694210	 	10,700.00	23,420.31
8 Dec 2015	8 Dec 2015	   ATM WDL-ATM CASH 3547  SBH  SANJIVAREDDYNAGA HYDERABAD--		1,000.00	 	22,420.31
12 Dec 2015	12 Dec 2015	   by debit card-POS ET4168543037 FREECHARGE            MUMBAI--		50.00	 	22,370.31
13 Dec 2015	13 Dec 2015	   ATM WDL-ATM CASH 2212  PASSPORT OFFICE       HYDERABAD--		200.00	 	22,170.31
14 Dec 2015	14 Dec 2015	   by debit card-POS 534806286035 IDP EDUCATION INDIA PV   HYDER--		10,750.00	 	11,420.31
14 Dec 2015	14 Dec 2015	   by debit card-POS 000624113030 AVENUE SUPERMARTS LTD-DHYDERAB--		369.00	 	11,051.31
15 Dec 2015	15 Dec 2015	   by debit card-POS 000624910440 AVENUE SUPERMARTS LTD-DHYDERAB--		274.40	 	10,776.91
16 Dec 2015	16 Dec 2015	   BY TRANSFER---	TRANSFER FROM 32983010445                         	 	4,700.00	15,476.91
16 Dec 2015	16 Dec 2015	   by debit card-POS 535014301216 CREAMSTONE               HYDER--		343.00	 	15,133.91
17 Dec 2015	17 Dec 2015	   by debit card-POS 535110045076 PARADISE FOOD COURT      SECUN--		120.00	 	15,013.91
18 Dec 2015	18 Dec 2015	   BY TRANSFER---	TRANSFER FROM 32983010445                         	 	600.00	15,613.91
18 Dec 2015	18 Dec 2015	   ATM WDL-ATM CASH 5103  +SR NAGAR OATM         HYDERABAD--		5,300.00	 	10,313.91
21 Dec 2015	21 Dec 2015	   TO TRANSFER-INB Avenues India Pvt. Ltd--	104024486743IG0BEICJS8               TRANSFER TO 4	5.00	 	10,308.91
21 Dec 2015	21 Dec 2015	   TO TRANSFER-INB Avenues India Pvt. Ltd--	104024527523IG0BEIVXP1               TRANSFER TO 4	45.00	 	10,263.91
22 Dec 2015	22 Dec 2015	   TO TRANSFER-INB Avenues India Pvt. Ltd--	CCACL1VRZ385IG0BELZMT9               TRANSFER TO 4	130.00	 	10,133.91
22 Dec 2015	22 Dec 2015	   ATM WDL-ATM CASH 3011  SBH  SANJIVAREDDYNAGA HYDERABAD--		200.00	 	9,933.91
23 Dec 2015	23 Dec 2015	   by debit card-POS ET4190380362 FREECHARGE            MUMBAI--		30.00	 	9,903.91
24 Dec 2015	24 Dec 2015	   ATM WDL-ATM CASH 7326  +SBH  SBH-VENGAL RAO NHYDERABAD--		1,000.00	 	8,903.91
24 Dec 2015	24 Dec 2015	   BY TRANSFER---	TRANSFER FROM 31580286225                         	 	1,000.00	9,903.91
24 Dec 2015	24 Dec 2015	   TO TRANSFER-INB GRPT SBI2412155541888 jayanth sbh--	GRPT INB: IZ12780853                              	1,052.50	 	8,851.41
25 Dec 2015	25 Dec 2015	   CREDIT INTEREST---		 	125.00	8,976.41
27 Dec 2015	27 Dec 2015	   TO TRANSFER-INB GRPT SBI2712155549350 jayanth sbh--	GRPT INB: IZ12788606                              	402.50	 	8,573.91
28 Dec 2015	28 Dec 2015	   BY TRANSFER---	TRANSFER FROM 32983010445                         	 	200.00	8,773.91
28 Dec 2015	28 Dec 2015	   ATM WDL-ATM CASH 7031  +SR NAGAR              HYDERABAD--		500.00	 	8,273.91
28 Dec 2015	28 Dec 2015	   TO TRANSFER-INB Passport Seva Project--	15-1011178251IG0BFESJY4               TRANSFER TO 	1,500.00	 	6,773.91
28 Dec 2015	28 Dec 2015	   TO TRANSFER-INB Passport Seva Project--	15-1011179259IG0BFEUTL7               TRANSFER TO 	1,500.00	 	5,273.91
29 Dec 2015	29 Dec 2015	   TO TRANSFER-INB GRPT SBI2912155570695 jayanth sbh--	GRPT INB: IZ12810322                              	258.50	 	5,015.41
29 Dec 2015	29 Dec 2015	   BY TRANSFER-IMPS18/536312136890/XXXXXXX918--	TRANSFER FROM 3197896044308	 	1,300.00	6,315.41
31 Dec 2015	31 Dec 2015	   ATM WDL-ATM CASH 8716  SBH  SANJIVAREDDYNAGA HYDERABAD--		200.00	 	6,115.41

**This is a computer generated statement and does not require a signature