Account Name       :                	Mr. MOOLE MADHAN MOHAN REDDY
Address            :	NO 526 STATE BANK OF INDIA
                                    	THUABRAHALLI BR
                                    	BANGALORE-560066
                                    	Bangalore
Date               :                	22 May 2017
Account Number     :	_00000020112694210
Account Description:	SBCHQ-CSA-PUBIND-CSSILVER-INR
Branch             :	THUBARAHALLI BRANCH
Drawing Power      :	0.00
Interest Rate(% p.a.):	4.0
MOD Balance      :	0.00
CIF No.          :	_86153868825
IFS Code         :	SBIN0017042
MICR Code        :	_560002224
Nomination Registered    :	Yes 
Balance on 1 Jan 2017        :	21,639.26
Start Date          :	1 Jan 2017
End Date            :	22 May 2017
Txn Date	Value Date	Description	Ref No./Cheque No.	        Debit	Credit	Balance	
2 Jan 2017	2 Jan 2017	   BY TRANSFER-INB--	ITL1226168               TRANSFER FROM 31794520117	 	1,00,000.00	1,21,639.26
5 Jan 2017	5 Jan 2017	   TO TRANSFER-NB Fund Payin to SSL for 59744468                E--	IG0CUWGVY4                TRANSFER TO 30230175497 	108.94	 	1,21,530.32
9 Jan 2017	9 Jan 2017	   TO TRANSFER-INB CMP00000000004305720--	CMP00000000004305720CO29562324               TRANS	402.50	 	1,21,127.82
9 Jan 2017	9 Jan 2017	   BY TRANSFER-INB -FT issued for cr bal For 59744468--	8753734CT89128521               TRANSFER FROM 3023	 	108.94	1,21,236.76
17 Jan 2017	17 Jan 2017	   TO TRANSFER-INB NEFT UTR NO: SBIN517017237073--Maddy	NEFT INB: IRC1633925                               / Maddy	16,000.00	 	1,05,236.76
17 Jan 2017	17 Jan 2017	   ATM WDL-ATM CASH 4697  +TAVANT TECH INDIA PVT BANGALORE-UR--		4,000.00	 	1,01,236.76
18 Jan 2017	18 Jan 2017	   ATM WDL-ATM CASH 4806  +TAVANT TECH INDIA PVT BANGALORE-UR--		4,000.00	 	97,236.76
19 Jan 2017	19 Jan 2017	   TO TRANSFER-INB NEFT UTR NO: SBIN617019966389--Maddy	NEFT INB: IRC1920250                               / Maddy	6,000.00	 	91,236.76
20 Jan 2017	20 Jan 2017	   TO TRANSFER-INB NEFT UTR NO: SBIN717020727298--Maddy	NEFT INB: IRC2047111                               / Maddy	10,000.00	 	81,236.76
20 Jan 2017	20 Jan 2017	   ATM WDL-ATM CASH 2792  +SBT  KORAMANGALA     BANGALURU--		10,000.00	 	71,236.76
24 Jan 2017	24 Jan 2017	   TO TRANSFER-INB NEFT UTR NO: SBIN117024448953--Maddy	NEFT INB: IRC2578238                               / Maddy	43,752.00	 	27,484.76
30 Jan 2017	30 Jan 2017	   BY TRANSFER-INB--	ITL5637405               TRANSFER FROM 31794520117	 	26,500.00	53,984.76
4 Feb 2017	4 Feb 2017	   TO TRANSFER-INB NEFT UTR NO: SBIN217035039804--Maddy	NEFT INB: UR00173310                               / Maddy	26,795.00	 	27,189.76
9 Feb 2017	9 Feb 2017	   TO TRANSFER-INB NEFT UTR NO: SBIN717040089507--Maddy	NEFT INB: UR00265882                               / Maddy	27,059.00	 	130.76
10 Feb 2017	10 Feb 2017	   BY TRANSFER-INB MBS transfer to friend--	UT00601142               TRANSFER FROM 30487129131	 	5,000.00	5,130.76
13 Feb 2017	13 Feb 2017	   ATM WDL-ATM CASH 3204  +SBT  KORAMANGALA     BANGALURU--		4,000.00	 	1,130.76
23 Feb 2017	23 Feb 2017	   TO TRANSFER-INB MBS Darling--	UT00992023               TRANSFER TO 36462543581  	1,000.00	 	130.76
25 Mar 2017	25 Mar 2017	   CREDIT INTEREST---		 	345.00	475.76
2 May 2017	2 May 2017	   BY TRANSFER-NEFT*HDFC0000001*N122170285002160*MOOLE MADHAN MOH--	TRANSFER FROM 3199683044306	 	2,000.00	2,475.76
9 May 2017	9 May 2017	   BY TRANSFER-INB--	ITM7920803               TRANSFER FROM 31794520117	 	40,000.00	42,475.76
9 May 2017	9 May 2017	   TO TRANSFER-INB NEFT UTR NO: SBIN617129190947--Maddy	NEFT INB: UR01547244                               / Maddy	40,000.00	 	2,475.76
20 May 2017	20 May 2017	   BY TRANSFER-INB MBS transfer to friend--	UT03507488               TRANSFER FROM 30487129131	 	60,000.00	62,475.76
20 May 2017	20 May 2017	   TO TRANSFER-INB MBS HCL LEAP Initial amount--	UT03509541               TRANSFER TO 31794520117  	57,500.00	 	4,975.76

**This is a computer generated statement and does not require a signature