Account Name       :                	Mr. MOOLE  MAHESWARA REDDY
Address            :	D NO:14-284-8-1
                                    	SAINATHA PURAM
                                    	MYDUKUR-516172
                                    	Y.S.R.
Date               :                	20 May 2017
Account Number     :	_00000031794520117
Account Description:	SBNCHQ-GEN-PUB-IND-NONRURAL
Branch             :	MYDUKUR
Drawing Power      :	0.00
Interest Rate(% p.a.):	4.0
MOD Balance      :	0.00
CIF No.          :	_86059937445
IFS Code         :	SBIN0002761
MICR Code        :	_516002564
Nomination Registered    :	Yes 
Balance on 1 Jan 2016        :	6,115.41
Start Date          :	1 Jan 2016
End Date            :	30 Jun 2016
Txn Date	Value Date	Description	Ref No./Cheque No.	        Debit	Credit	Balance	
1 Jan 2016	1 Jan 2016	   BY TRANSFER-INB Bro--	ITG0353841               TRANSFER FROM 20112694210	 	10,000.00	16,115.41
2 Jan 2016	2 Jan 2016	   TO TRANSFER-INB Myntra Design Pvt. Ltd.--	052807147382998IG0BFVCFZ2               TRANSFER T	876.00	 	15,239.41
2 Jan 2016	2 Jan 2016	   ATM WDL-ATM CASH 6159  +SANJEEVA REDDY NAGAR  HYDERABAD--		300.00	 	14,939.41
2 Jan 2016	2 Jan 2016	   by debit card-POS 600216800712 Paytm.com                Noida--		60.00	 	14,879.41
3 Jan 2016	3 Jan 2016	   TO TRANSFER-INB Avenues India Pvt. Ltd--	CCADA1XDD612IG0BGAZMZ0               TRANSFER TO 4	30.00	 	14,849.41
5 Jan 2016	5 Jan 2016	   TO TRANSFER-INB NEFT SBIN616005499981 AMAR--	NEFT INB: IR81771930                              	1,552.50	 	13,296.91
6 Jan 2016	6 Jan 2016	   by debit card-POS 010516368778 www.ccavenue.com/charge  SBIPG--		500.00	 	12,796.91
6 Jan 2016	6 Jan 2016	   by debit card-POS 600517608855 REDBUS IN                GURGA--		549.00	 	12,247.91
6 Jan 2016	6 Jan 2016	   by debit card-POS 000638166539 AVENUE SUPERMARTS LTD-DHYDERAB--		110.00	 	12,137.91
7 Jan 2016	7 Jan 2016	   by debit card-POS ET4218792157 FREECHARGE            MUMBAI--		20.00	 	12,117.91
7 Jan 2016	7 Jan 2016	   ATM WDL-ATM CASH 5750  SBH  SANJIVAREDDYNAGA HYDERABAD--		500.00	 	11,617.91
11 Jan 2016	11 Jan 2016	   TO TRANSFER-INB Bundl technologies Privat--	504952957IG0BHFCMC6               TRANSFER TO 3217	155.00	 	11,462.91
12 Jan 2016	12 Jan 2016	   ATM WDL-ATM CASH 4658  SBH  SANJIVAREDDYNAGA HYDERABAD--		400.00	 	11,062.91
19 Jan 2016	19 Jan 2016	   TO TRANSFER-INB Avenues India Pvt. Ltd--	105029498822IG0BIHFTU8               TRANSFER TO 4	60.00	 	11,002.91
20 Jan 2016	20 Jan 2016	   by debit card-POS ET4244645536 FREECHARGE            MUMBAI--		50.00	 	10,952.91
21 Jan 2016	21 Jan 2016	   ATM WDL-ATM CASH 8770  SBH  SANJIVAREDDYNAGA HYDERABAD--		300.00	 	10,652.91
23 Jan 2016	23 Jan 2016	   ATM WDL-ATM CASH 8009  SBH  SANJIVAREDDYNAGA HYDERABAD--		6,000.00	 	4,652.91
24 Jan 2016	24 Jan 2016	   by debit card-POS 602412419207 www.redbus.in            Mumba--		374.00	 	4,278.91
24 Jan 2016	24 Jan 2016	   ATM WDL-ATM CASH 253   SBH  SANJIVAREDDYNAGA HYDERABAD--		200.00	 	4,078.91
27 Jan 2016	27 Jan 2016	   by debit card-POS 602617109433 BOOKMYSHOW COM           GURGA--		42.78	 	4,036.13
27 Jan 2016	27 Jan 2016	   BY TRANSFER---	TRANSFER FROM 32983010445                         	 	5,900.00	9,936.13
28 Jan 2016	28 Jan 2016	   TO TRANSFER-INB GRPT SBI2801166096406 jayanth sbh--	GRPT INB: IZ13139550                              	102.50	 	9,833.63
28 Jan 2016	28 Jan 2016	   ATM WDL-ATM CASH 578   SBH  SANJIVAREDDYNAGA HYDERABAD--		200.00	 	9,633.63
29 Jan 2016	29 Jan 2016	   TO TRANSFER-INB Avenues India Pvt. Ltd--	105031200246IG0BJXGRX3               TRANSFER TO 4	10.00	 	9,623.63
30 Jan 2016	30 Jan 2016	   by debit card-POS 603013989912 www.redbus.in            Mumba--		249.00	 	9,374.63
30 Jan 2016	30 Jan 2016	   by debit card-POS 603013990877 www.redbus.in            Mumba--		249.00	 	9,125.63
1 Feb 2016	1 Feb 2016	   by debit card-POS 603208445324 REDBUS IN                GURGA--		299.00	 	8,826.63
1 Feb 2016	1 Feb 2016	   BY TRANSFER-INB--	ITG4285696               TRANSFER FROM 34687952230	 	300.00	9,126.63
1 Feb 2016	1 Feb 2016	   TO TRANSFER-INB NEFT SBIN616032059267 AMAR--	NEFT INB: IR83971315                              	3,502.86	 	5,623.77
1 Feb 2016	1 Feb 2016	   BY TRANSFER---	TRANSFER FROM 32983010445                         	 	100.00	5,723.77
2 Feb 2016	2 Feb 2016	   TO TRANSFER-INB Avenues India Pvt. Ltd--	CCADB1AKB792IG0BKPBTM9               TRANSFER TO 4	20.00	 	5,703.77
2 Feb 2016	2 Feb 2016	   ATM WDL-ATM CASH 3485  SBH  SANJIVAREDDYNAGA HYDERABAD--		500.00	 	5,203.77
4 Feb 2016	4 Feb 2016	   by debit card-POS 603418977466 REDBUS IN                GURGA--		299.00	 	4,904.77
6 Feb 2016	6 Feb 2016	   BY TRANSFER-INB Bro--	ITG5139829               TRANSFER FROM 20112694210	 	7,000.00	11,904.77
8 Feb 2016	8 Feb 2016	   by debit card-POS 020714168882 Idea Cellular_BD         SBIPG--		1.00	 	11,903.77
8 Feb 2016	8 Feb 2016	   by debit card-POS 020814215749 Idea Cellular_BD         SBIPG--		1.00	 	11,902.77
8 Feb 2016	8 Feb 2016	   by debit card-POS FT4279371308 FREECHARGE            MUMBAI--		50.00	 	11,852.77
8 Feb 2016	8 Feb 2016	   by debit card-POS 603912890793 www.redbus.in            Mumba--		159.20	 	11,693.57
9 Feb 2016	9 Feb 2016	   TO TRANSFER-INB Idea                      IDEA_RECHARGE Paymen--	FSBI4282509000IG0BLPMSZ5               TRANSFER TO	1.00	 	11,692.57
10 Feb 2016	10 Feb 2016	   ATM WDL-ATM CASH 9970  SBH  SANJIVAREDDYNAGA HYDERABAD--		200.00	 	11,492.57
11 Feb 2016	11 Feb 2016	   TO TRANSFER-INB Avenues India Pvt. Ltd--	105033423796IG0BLWOKB0               TRANSFER TO 4	50.00	 	11,442.57
11 Feb 2016	11 Feb 2016	   TO TRANSFER-INB Avenues India Pvt. Ltd--	CCADB2BIE573IG0BLXQHT2               TRANSFER TO 4	50.00	 	11,392.57
12 Feb 2016	12 Feb 2016	   ATM WDL-ATM CASH 920   +SBI SR NAGAR         PALKAMPHET--		10,000.00	 	1,392.57
12 Feb 2016	12 Feb 2016	   by debit card-POS 604316010169 Paytm.com                Noida--		1,031.00	 	361.57
13 Feb 2016	13 Feb 2016	   DEBIT- ATM ANNUAL FEE  2015-16 - 6220180276100078191--		114.50	 	247.07
22 Feb 2016	22 Feb 2016	   BY TRANSFER-INB Bro--	ITG7111106               TRANSFER FROM 20112694210	 	500.00	747.07
24 Feb 2016	24 Feb 2016	   TO TRANSFER-INB Avenues India Pvt. Ltd--	105036023295IG0BNUMPH3               TRANSFER TO 4	21.00	 	726.07
26 Feb 2016	26 Feb 2016	   by debit card-POS FT4317207812 FREECHARGE            MUMBAI--		50.00	 	676.07
26 Feb 2016	26 Feb 2016	   by debit card-POS FT4317214290 FREECHARGE            MUMBAI--		60.00	 	616.07
29 Feb 2016	29 Feb 2016	   BY TRANSFER-INB Bro--	ITG7989566               TRANSFER FROM 20112694210	 	3,000.00	3,616.07
1 Mar 2016	1 Mar 2016	   TO TRANSFER-INB NEFT SBIN816061640639 AMAR--	NEFT INB: IR86563206                              	3,002.29	 	613.78
1 Mar 2016	1 Mar 2016	   ATM WDL-ATM CASH 50445 +CORP HAL IISTAGE BLR  BANGALORE--		100.00	 	513.78
2 Mar 2016	2 Mar 2016	   by debit card-POS 606211872405 CITRUSPAY             MUMBAI--		27.00	 	486.78
3 Mar 2016	3 Mar 2016	   BY TRANSFER-INB Bro--	ITG8540814               TRANSFER FROM 20112694210	 	1,000.00	1,486.78
3 Mar 2016	3 Mar 2016	   by debit card-POS 606308773925 CITRUSPAY             MUMBAI--		27.00	 	1,459.78
3 Mar 2016	3 Mar 2016	   by debit card-POS 606314184148 CITRUSPAY             MUMBAI--		26.00	 	1,433.78
5 Mar 2016	5 Mar 2016	   by debit card-POS 606512227302 CITRUSPAY             MUMBAI--		27.00	 	1,406.78
6 Mar 2016	6 Mar 2016	   by debit card-POS FT4336149064 FREECHARGE            MUMBAI--		50.00	 	1,356.78
6 Mar 2016	6 Mar 2016	   by debit card-POS FT4336141733 FREECHARGE            MUMBAI--		50.00	 	1,306.78
7 Mar 2016	7 Mar 2016	   ATM WDL-ATM CASH 50445 +CORP HAL IISTAGE BLR  BANGALORE--		200.00	 	1,106.78
8 Mar 2016	8 Mar 2016	   TO TRANSFER-INB GRPT SBI0803166946526 MOOLE MAHESWARA REDDY--	GRPT INB: IZ13629591                              	102.50	 	1,004.28
8 Mar 2016	8 Mar 2016	   by debit card-POS FT4341723137 FREECHARGE            MUMBAI--		50.00	 	954.28
8 Mar 2016	8 Mar 2016	   by debit card-POS FT4341730197 FREECHARGE            MUMBAI--		50.00	 	904.28
8 Mar 2016	8 Mar 2016	   TO TRANSFER-INB Avenues India Pvt. Ltd--	CCADC1EFY151IG0BPTZVL4               TRANSFER TO 4	50.00	 	854.28
8 Mar 2016	8 Mar 2016	   TO TRANSFER-INB Avenues India Pvt. Ltd--	CCADC2EFZ529IG0BPUCNH9               TRANSFER TO 4	50.00	 	804.28
9 Mar 2016	9 Mar 2016	   by debit card-POS 606914063117 CITRUSPAY             MUMBAI--		27.00	 	777.28
10 Mar 2016	10 Mar 2016	   BY TRANSFER-INB Bro--	ITG9639225               TRANSFER FROM 20112694210	 	1,500.00	2,277.28
11 Mar 2016	11 Mar 2016	   ATM WDL-ATM CASH 6497  SBH  SANJIVAREDDYNAGA HYDERABAD--		600.00	 	1,677.28
14 Mar 2016	14 Mar 2016	   TO TRANSFER-INB Bigtree Entertainment Pvt--	545929540IG0BQMKRK4               TRANSFER TO 4599	235.18	 	1,442.10
14 Mar 2016	14 Mar 2016	   BY TRANSFER-IMPS16/607416230745/XXXX2090/--	TRANSFER FROM 3197894044300	 	500.00	1,942.10
14 Mar 2016	14 Mar 2016	   by debit card-POS 031411529424 www.ccavenue.com/charge  SBIPG--		119.00	 	1,823.10
14 Mar 2016	14 Mar 2016	   by debit card-POS 031411531174 www.ccavenue.com/charge  SBIPG--		560.00	 	1,263.10
15 Mar 2016	15 Mar 2016	   ATM WDL-ATM CASH 9259  SBH  SANJIVAREDDYNAGA HYDERABAD--		800.00	 	463.10
16 Mar 2016	16 Mar 2016	   TO TRANSFER-INB Bundl technologies Privat--	547389057IG0BQWBNL6               TRANSFER TO 4599	200.00	 	263.10
18 Mar 2016	18 Mar 2016	   ATM WDL-ATM CASH 50445 +CORP HAL IISTAGE BLR  BANGALORE--		200.00	 	63.10
20 Mar 2016	20 Mar 2016	   by debit card-POS 608017570590 Citrus Cash           Mumbai--		27.00	 	36.10
22 Mar 2016	22 Mar 2016	   by debit card-POS FT4370978438 FREECHARGE            MUMBAI--		2.00	 	34.10
22 Mar 2016	22 Mar 2016	   BY TRANSFER---	TRANSFER FROM 20329370673                         	 	300.00	334.10
22 Mar 2016	22 Mar 2016	   BY TRANSFER-4591500281720983   00000031794520117--	TRANSFER FROM 11249839677                         	 	200.00	534.10
23 Mar 2016	23 Mar 2016	   by debit card-POS 608309868833 Paytm                 Noida--		530.00	 	4.10
24 Mar 2016	24 Mar 2016	   BY TRANSFER-INB Bro--	ITH1270532               TRANSFER FROM 20112694210	 	1,000.00	1,004.10
28 Mar 2016	28 Mar 2016	   ATM WDL-ATM CASH 50445 +CORP HAL IISTAGE BLR  BANGALORE--		122.90	 	881.20
3 Apr 2016	3 Apr 2016	   by debit card-POS 609409611311 CITRUSPAY             MUMBAI--		27.00	 	854.20
7 Apr 2016	7 Apr 2016	   by debit card-POS 609813467992 PAYTM                 NOIDA--		12.00	 	842.20
8 Apr 2016	8 Apr 2016	   by debit card-POS 609905496183 Paytm                 Noida--		450.00	 	392.20
8 Apr 2016	8 Apr 2016	   by debit card-POS 609913533413 ONE97 COMMUNICATIONS LNOIDA--		38.00	 	354.20
9 Apr 2016	9 Apr 2016	   BY TRANSFER-INB Bro--	ITH3472666               TRANSFER FROM 20112694210	 	3,000.00	3,354.20
10 Apr 2016	10 Apr 2016	   BY TRANSFER-IMPS18/610118256952/XXXXXXX370--	TRANSFER FROM 3199906044306	 	1,960.00	5,314.20
11 Apr 2016	11 Apr 2016	   by debit card-POS 610120022561 IRCTC--		1,039.35	 	4,274.85
11 Apr 2016	11 Apr 2016	   by debit card-POS 610209052315 BOOKMYSHOW COM        GURGAON--		160.38	 	4,114.47
11 Apr 2016	11 Apr 2016	   by debit card-POS 000161105962 AVENUE SUPERMARTS LTD-DHYDERAB--		1,524.00	 	2,590.47
14 Apr 2016	14 Apr 2016	   ATM WDL-ATM CASH 3728  +SBI  INDIRA NAGAR    BANGALORE--		500.00	 	2,090.47
16 Apr 2016	16 Apr 2016	   by debit card-POS 610617432474 FreeCharge            MUMBAI--		50.00	 	2,040.47
16 Apr 2016	16 Apr 2016	   by debit card-POS 610617433154 FreeCharge            MUMBAI--		50.00	 	1,990.47
16 Apr 2016	16 Apr 2016	   ATM WDL-ATM CASH 50445 +CORP HAL IISTAGE BLR  BANGALORE--		200.00	 	1,790.47
18 Apr 2016	18 Apr 2016	   ATM WDL-ATM CASH 50445 +CORP HAL II STAGE     BANGALORE--		300.00	 	1,490.47
21 Apr 2016	21 Apr 2016	   ATM WDL-ATM CASH 50445 +CORP HAL IISTAGE BLR  BANGALORE--		200.00	 	1,290.47
21 Apr 2016	21 Apr 2016	   by debit card-POS 611209438960 CITRUSPAY             MUMBAI--		27.00	 	1,263.47
25 Apr 2016	25 Apr 2016	   BY TRANSFER-NEFT*HDFC0000001*N116160147546225*MOOLE MADHAN MOH--	TRANSFER FROM 3199417044302	 	2,000.00	3,263.47
26 Apr 2016	26 Apr 2016	   TO TRANSFER-INB NEFT SBIN216117287459 AMAR--	NEFT INB: IR91382847                              	702.29	 	2,561.18
27 Apr 2016	27 Apr 2016	   by debit card-POS 611807190136 CITRUS PAY TINYOWL    MUMBAI--		77.00	 	2,484.18
2 May 2016	2 May 2016	   ATM WDL-ATM CASH 50445 +CORP HAL IISTAGE BLR  BANGALORE--		1,000.00	 	1,484.18
2 May 2016	2 May 2016	   by debit card-POS 612313299924 FreeCharge            MUMBAI--		49.00	 	1,435.18
2 May 2016	2 May 2016	   by debit card-POS 612313305104 FreeCharge            MUMBAI--		50.00	 	1,385.18
10 May 2016	10 May 2016	   ATM WDL-ATM CASH 50445 +CORP HAL IISTAGE BLR  BANGALORE--		200.00	 	1,185.18
17 May 2016	17 May 2016	   BY TRANSFER-NEFT*HDFC0000001*N137160153808072*MOOLE MADHAN MOH--	TRANSFER FROM 3199681044308	 	3,000.00	4,185.18
17 May 2016	17 May 2016	   TO TRANSFER-INB One97 Communication Ltd--	5575202943IG0BZROOE4               TRANSFER TO 326	112.00	 	4,073.18
17 May 2016	17 May 2016	   by debit card-POS FU4487518923 FREECHARGE            MUMBAI--		50.00	 	4,023.18
18 May 2016	18 May 2016	   ATM WDL-ATM CASH 50445 +CORP HAL II STAGE     BANGALORE--		2,000.00	 	2,023.18
19 May 2016	19 May 2016	   by debit card-POS 614008741804 CCAvenue.com          Mumbai--		500.00	 	1,523.18
19 May 2016	19 May 2016	   by debit card-POS 614008744600 CCAvenue.com          Mumbai--		499.00	 	1,024.18
26 May 2016	26 May 2016	   ATM WDL-ATM CASH 61470 +    Indra Nagar       Bangalore--		222.90	 	801.28
30 May 2016	30 May 2016	   BY TRANSFER-INB Bro--	ITH9795181               TRANSFER FROM 20112694210	 	2,000.00	2,801.28
2 Jun 2016	2 Jun 2016	   ATM WDL-ATM CASH 50445 +CORP HAL II STAGE     BANGALORE--		300.00	 	2,501.28
8 Jun 2016	8 Jun 2016	   ATM WDL-ATM CASH 61600 +    Indra Nagar       Bangalore--		300.00	 	2,201.28
9 Jun 2016	9 Jun 2016	   by debit card-POS GU4533948711 FREECHARGE            MUMBAI--		4.00	 	2,197.28
9 Jun 2016	9 Jun 2016	   ATM WDL-ATM CASH 61610 +    Indra Nagar       Bangalore--		500.00	 	1,697.28
9 Jun 2016	9 Jun 2016	   by debit card-POS GU4534662823 FREECHARGE            MUMBAI--		50.00	 	1,647.28
13 Jun 2016	13 Jun 2016	   by debit card-POS 616508476406 PayTm Mobile SolutionsNoida--		236.00	 	1,411.28
14 Jun 2016	14 Jun 2016	   by debit card-POS 616605235650 ONE97 COMMUNICATIONS LNOIDA--		34.00	 	1,377.28
17 Jun 2016	17 Jun 2016	   ATM WDL-ATM CASH 50445 +CORP HAL II STAGE     BANGALORE--		523.00	 	854.28
17 Jun 2016	17 Jun 2016	   by debit card-POS GU4550766236 FREECHARGE            MUMBAI--		50.00	 	804.28
19 Jun 2016	19 Jun 2016	   ATM WDL-ATM CASH 50445 +CORP HAL IISTAGE BLR  BANGALORE--		323.00	 	481.28
20 Jun 2016	20 Jun 2016	   by debit card-POS GU4555555668 FREECHARGE            MUMBAI--		50.00	 	431.28
22 Jun 2016	22 Jun 2016	   BY TRANSFER-INB Bro--	ITI3042298               TRANSFER FROM 20112694210	 	3,000.00	3,431.28
22 Jun 2016	22 Jun 2016	   TO TRANSFER-INB Abhibus Services India Pr--	105066973676IG0CFFMZE7               TRANSFER TO 4	439.00	 	2,992.28
23 Jun 2016	23 Jun 2016	   TO TRANSFER-INB Accelyst Solutions Pvt Lt--	CCADF2AVC439IG0CFHEPV6               TRANSFER TO 4	30.00	 	2,962.28
23 Jun 2016	23 Jun 2016	   by debit card-POS GU4561424990 FREECHARGE            MUMBAI--		24.00	 	2,938.28
23 Jun 2016	23 Jun 2016	   ATM WDL-ATM CASH 61750 +    Indra Nagar       Bangalore--		523.00	 	2,415.28
24 Jun 2016	24 Jun 2016	   by debit card-POS GU4563843017 FREECHARGE            MUMBAI--		25.00	 	2,390.28
24 Jun 2016	24 Jun 2016	   by debit card-POS GU4564999837 FREECHARGE            MUMBAI--		50.00	 	2,340.28
25 Jun 2016	25 Jun 2016	   CREDIT INTEREST---		 	71.00	2,411.28
29 Jun 2016	29 Jun 2016	   by debit card-POS GU4573623157 FREECHARGE            MUMBAI--		50.00	 	2,361.28
29 Jun 2016	29 Jun 2016	   ATM WDL-ATM CASH 50445 +CORP HAL II STAGE     BANGALORE--		523.00	 	1,838.28
30 Jun 2016	30 Jun 2016	   by debit card-POS GU4575785376 FREECHARGE            MUMBAI--		50.00	 	1,788.28

**This is a computer generated statement and does not require a signature