Account Name       :                	Mr. MOOLE  MAHESWARA REDDY
Address            :	D NO:14-284-8-1
                                    	SAINATHA PURAM
                                    	MYDUKUR-516172
                                    	Y.S.R.
Date               :                	20 May 2017
Account Number     :	_00000031794520117
Account Description:	SBNCHQ-GEN-PUB-IND-NONRURAL
Branch             :	MYDUKUR
Drawing Power      :	0.00
Interest Rate(% p.a.):	4.0
MOD Balance      :	0.00
CIF No.          :	_86059937445
IFS Code         :	SBIN0002761
MICR Code        :	_516002564
Nomination Registered    :	Yes 
Balance on 1 Jan 2015        :	674.64
Start Date          :	1 Jan 2015
End Date            :	30 Jun 2015
Txn Date	Value Date	Description	Ref No./Cheque No.	        Debit	Credit	Balance	
5 Jan 2015	5 Jan 2015	   CASH DEPOSIT-CASH Deposited at GCC by GRC Card-0060060004768569--		 	5,000.00	5,674.64
5 Jan 2015	5 Jan 2015	   ATM WDL-ATM 7434  SBI  FIRE STATION(K L  VIJAYAWADA  AP IN--		3,000.00	 	2,674.64
22 Jan 2015	22 Jan 2015	   ATM WDL-ATM 4526  SBI  FIRE STATION(K L  VIJAYAWADA  AP IN--		1,000.00	 	1,674.64
25 Jan 2015	25 Jan 2015	   ATM WDL-ATM 3646  SBI  FIRE STATION(K L VIJAYAWADA   AP IN--		1,000.00	 	674.64
4 Feb 2015	4 Feb 2015	   CASH DEPOSIT-CASH DEPOSIT SELF--		 	5,000.00	5,674.64
4 Feb 2015	4 Feb 2015	   TO TRANSFER-5196190013759248   00000032082220944--	TRANSFER TO 32082220944                           	100.00	 	5,574.64
4 Feb 2015	4 Feb 2015	   ATM WDL-ATM 1474  SBI  FIRE STATION(K L  VIJAYAWADA  AP IN--		2,000.00	 	3,574.64
5 Feb 2015	5 Feb 2015	   ATM WDL-ATM 2143  SBI  FIRE STATION(K L  VIJAYAWADA  AP IN--		500.00	 	3,074.64
8 Feb 2015	8 Feb 2015	   ATM WDL-ATM 3267  GOVERNERPET  ONSITE I  VIJAYAWADA   APIN--		1,000.00	 	2,074.64
14 Feb 2015	14 Feb 2015	   ATM WDL-ATM 9391  SBI  FIRE STATION(K L  VIJAYAWADA  AP IN--		2,000.00	 	74.64
17 Feb 2015	17 Feb 2015	   ATM OR SMS CHARGES---		74.00	 	0.64
21 Feb 2015	21 Feb 2015	   CASH DEPOSIT-CASH Deposited at GCC by GRC Card-0060060004768569--		 	2,000.00	2,000.64
21 Feb 2015	21 Feb 2015	   ATM OR SMS CHARGES---		38.00	 	1,962.64
23 Feb 2015	23 Feb 2015	   ATM WDL-ATM 4210  SBI  FIRE STATION(K L  VIJAYAWADA  AP IN--		500.00	 	1,462.64
28 Feb 2015	28 Feb 2015	   ATM WDL-ATM 6315  SBI  FIRE STATION(K L  VIJAYAWADA  AP IN--		1,000.00	 	462.64
3 Mar 2015	3 Mar 2015	   ATM WDL-ATM 2277  SBI  FIRE STATION(K L VIJAYAWADA   AP IN--		200.00	 	262.64
4 Mar 2015	4 Mar 2015	   CASH DEPOSIT-CASH Deposited at GCC by GRC Card-0060060004768569--		 	5,000.00	5,262.64
5 Mar 2015	5 Mar 2015	   ATM WDL-ATM 3445  SBI  FIRE STATION(K L VIJAYAWADA   AP IN--		500.00	 	4,762.64
7 Mar 2015	7 Mar 2015	   ATM WDL-ATM 9900  SBI  FIRE STATION(K L  VIJAYAWADA  AP IN--		2,000.00	 	2,762.64
14 Mar 2015	14 Mar 2015	   ATM WDL-ATM 8448  SBI  FIRE STATION(K L VIJAYAWADA   AP IN--		2,000.00	 	762.64
18 Mar 2015	18 Mar 2015	   ATM WDL-ATM 2894  HPLC TADEPALLI         HYDERABAD      IN--		200.00	 	562.64
18 Mar 2015	18 Mar 2015	   DEBIT- CHARGES FOR SMS - QUARTERLY--		15.00	 	547.64
24 Mar 2015	24 Mar 2015	   CASH DEPOSIT-CASH Deposited at GCC by GRC Card-0060060004768569--		 	3,500.00	4,047.64
26 Mar 2015	26 Mar 2015	   ATM WDL-ATM 6180  SBI  FIRE STATION(K L  VIJAYAWADA  AP IN--		1,500.00	 	2,547.64
26 Mar 2015	26 Mar 2015	   ATM WDL-ATM 6185  SBI  FIRE STATION(K L  VIJAYAWADA  AP IN--		500.00	 	2,047.64
29 Mar 2015	29 Mar 2015	   ATM WDL-ATM 5574  SBI  FIRE STATION(K L VIJAYAWADA   AP IN--		1,000.00	 	1,047.64
2 Apr 2015	2 Apr 2015	   ATM WDL-ATM 7378  SBI  FIRE STATION(K L VIJAYAWADA   AP IN--		500.00	 	547.64
7 Apr 2015	7 Apr 2015	   FEE EXCESS DRS---		6.00	 	541.64
8 Apr 2015	8 Apr 2015	   CASH DEPOSIT-CASH Deposited at GCC by GRC Card-0060060004768569--		 	5,000.00	5,541.64
8 Apr 2015	8 Apr 2015	   ATM WDL-ATM 1594  SBI  FIRE STATION(K L  VIJAYAWADA  AP IN--		1,000.00	 	4,541.64
9 Apr 2015	9 Apr 2015	   ATM WDL-ATM 8096  SBH VADDESWARAM-K L UNVADDESWARAM  AP IN--		3,000.00	 	1,541.64
21 Apr 2015	21 Apr 2015	   ATM WDL-ATM 6457  SBI  FIRE STATION(K L  VIJAYAWADA  AP IN--		1,000.00	 	541.64
22 Apr 2015	22 Apr 2015	   CASH DEPOSIT-CASH Deposited at GCC by GRC Card-0060060004768569--		 	4,000.00	4,541.64
22 Apr 2015	22 Apr 2015	   ATM WDL-ATM 5291  SBH VADDESWARAM-K L UNVADDESWARAM  AP IN--		3,000.00	 	1,541.64
27 Apr 2015	27 Apr 2015	   ATM WDL-ATM 8853  SBI  FIRE STATION(K L  VIJAYAWADA  AP IN--		500.00	 	1,041.64
30 Apr 2015	30 Apr 2015	   ATM WDL-ATM 7956  THIRUMAL RAO STREET    VIJAYWADA    APIN--		500.00	 	541.64
3 May 2015	3 May 2015	   ATM WDL-ATM 7077  VIJAYAWADA GOVERNORPET VIJAYWADA    APIN--		500.00	 	41.64
21 May 2015	21 May 2015	   CASH DEPOSIT-CASH DEPOSIT SELF--		 	500.00	541.64
21 May 2015	21 May 2015	   TO TRANSFER- ATM REPLACE CHARGES--	TRANSFER TO 99597027618	204.00	 	337.64
6 Jun 2015	6 Jun 2015	   TO TRANSFER-INB Avenues India Pvt. Ltd--	CCACF1ZZG473IG0ADHKLT8               TRANSFER TO 3	10.00	 	327.64
8 Jun 2015	8 Jun 2015	   TO TRANSFER-INB GRPT SBI0806152164746 MOOLE MAHESWARA REDDY--	GRPT INB: IZ10636779                              	52.50	 	275.14
11 Jun 2015	11 Jun 2015	   TO TRANSFER-INB Staff Selection Commissio SSC Payments--	511252540711501IK80990112               TRANSFER T	100.00	 	175.14
11 Jun 2015	11 Jun 2015	   TO TRANSFER-INB Staff Selection Commissio SSC Payments--	511236242761501IK80990155               TRANSFER T	100.00	 	75.14
11 Jun 2015	11 Jun 2015	   TO TRANSFER-INB Avenues India Pvt. Ltd--	CCACF1BAU196IG0ADXUGR3               TRANSFER TO 3	10.00	 	65.14
11 Jun 2015	11 Jun 2015	   BY TRANSFER-IMPS18/516210230668/XXXXXXX252--	TRANSFER FROM 3199906044306	 	400.00	465.14
11 Jun 2015	11 Jun 2015	   BY TRANSFER-IMPS18/516210230703/XXXXXXX252--	TRANSFER FROM 3199906044306	 	5,000.00	5,465.14
11 Jun 2015	11 Jun 2015	   TO TRANSFER-INB EBAY                      EBAY Payments--	DSBI3845732627IG0ADZPQS8               TRANSFER TO	279.00	 	5,186.14
15 Jun 2015	15 Jun 2015	   TO TRANSFER-INB GRPT SBI1506152249663 MOOLE MAHESWARA REDDY--	GRPT INB: IZ10708587                              	1,002.50	 	4,183.64
19 Jun 2015	19 Jun 2015	   TO TRANSFER-INB Avenues India Pvt. Ltd--	CCACF2CZY963IG0AFARJR2               TRANSFER TO 3	2.00	 	4,181.64
20 Jun 2015	20 Jun 2015	   TO TRANSFER-INB GRPT SBI2006152302180 MOOLE MAHESWARA REDDY--	GRPT INB: IZ10752301                              	3,602.50	 	579.14
25 Jun 2015	25 Jun 2015	   CREDIT INTEREST---		 	28.00	607.14
27 Jun 2015	27 Jun 2015	   TO TRANSFER-INB Avenues India Pvt. Ltd--	CCACF1EVN765IG0AGCCPT0               TRANSFER TO 3	550.00	 	57.14

**This is a computer generated statement and does not require a signature