Account Name       :                	Mr. MOOLE  MAHESWARA REDDY
Address            :	D NO:14-284-8-1
                                    	SAINATHA PURAM
                                    	MYDUKUR-516172
                                    	Y.S.R.
Date               :                	20 May 2017
Account Number     :	_00000031794520117
Account Description:	SBNCHQ-GEN-PUB-IND-NONRURAL
Branch             :	MYDUKUR
Drawing Power      :	0.00
Interest Rate(% p.a.):	4.0
MOD Balance      :	0.00
CIF No.          :	_86059937445
IFS Code         :	SBIN0002761
MICR Code        :	_516002564
Nomination Registered    :	Yes 
Balance on 1 Jul 2016        :	1,788.28
Start Date          :	1 Jul 2016
End Date            :	31 Dec 2016
Txn Date	Value Date	Description	Ref No./Cheque No.	        Debit	Credit	Balance	
4 Jul 2016	4 Jul 2016	   by debit card-POS GU4584451807 FREECHARGE            MUMBAI--		50.00	 	1,738.28
4 Jul 2016	4 Jul 2016	   ATM WDL-ATM CASH 9811  +VENU GOPALA TEMPLE    BANGLORE--		500.00	 	1,238.28
6 Jul 2016	6 Jul 2016	   ATM WDL-ATM CASH 50445 +CORP HAL II STAGE     BANGALORE--		500.00	 	738.28
7 Jul 2016	7 Jul 2016	   by debit card-POS GU4592175793 FREECHARGE            MUMBAI--		57.00	 	681.28
11 Jul 2016	11 Jul 2016	   by debit card-POS GU4601346936 FREECHARGE            MUMBAI--		50.00	 	631.28
12 Jul 2016	12 Jul 2016	   ATM WDL-ATM CASH 50445 +CORP HAL II STAGE     BANGALORE--		200.00	 	431.28
14 Jul 2016	14 Jul 2016	   by debit card-POS GU4606231379 FREECHARGE            MUMBAI--		100.00	 	331.28
14 Jul 2016	14 Jul 2016	   BY TRANSFER-NEFT*HDFC0000001*N196160169727953*MOOLE MADHAN MOH--	TRANSFER FROM 3199416044303	 	3,000.00	3,331.28
15 Jul 2016	15 Jul 2016	   ATM WDL-ATM CASH 50445 +CORP HAL II STAGE     BANGALORE--		523.00	 	2,808.28
20 Jul 2016	20 Jul 2016	   ATM WDL-ATM CASH 62020 +    Indra Nagar       Bangalore--		523.00	 	2,285.28
25 Jul 2016	25 Jul 2016	   by debit card-POS 010002130518 www.freshmenu.com     bangalor--		50.00	 	2,235.28
26 Jul 2016	26 Jul 2016	   by debit card-POS 010002157775 www.freshmenu.com     bangalor--		25.00	 	2,210.28
27 Jul 2016	27 Jul 2016	   ATM WDL-ATM CASH 50445 +CORP HAL IISTAGE BLR  BANGALORE--		1,023.00	 	1,187.28
29 Jul 2016	29 Jul 2016	   BY TRANSFER-INB Bro--	ITI7934496               TRANSFER FROM 20112694210	 	3,000.00	4,187.28
29 Jul 2016	29 Jul 2016	   ATM WDL-ATM CASH 50445 +CORP HAL II STAGE     BANGALORE--		523.00	 	3,664.28
30 Jul 2016	30 Jul 2016	   by debit card-POS GU4642706709 FREECHARGE            MUMBAI--		50.00	 	3,614.28
30 Jul 2016	30 Jul 2016	   by debit card-POS GU4642734767 FREECHARGE            MUMBAI--		50.00	 	3,564.28
30 Jul 2016	30 Jul 2016	   by debit card-POS GU4642953104 IBPS                  MUMBAI--		606.90	 	2,957.38
2 Aug 2016	2 Aug 2016	   ATM WDL-ATM CASH 50445 +CORP HAL IISTAGE BLR  BANGALORE--		500.00	 	2,457.38
4 Aug 2016	4 Aug 2016	   ATM WDL-ATM CASH 62170 +    Indra Nagar       Bangalore--		500.00	 	1,957.38
4 Aug 2016	4 Aug 2016	   TO TRANSFER-INB Abhibus Services India Pr--	105084397057IG0CLTTKO3               TRANSFER TO 4	379.05	 	1,578.33
8 Aug 2016	8 Aug 2016	   by debit card-POS GU4662839914 FREECHARGE            MUMBAI--		5.00	 	1,573.33
11 Aug 2016	11 Aug 2016	   by debit card-POS GU4671260899 FREECHARGE            MUMBAI--		24.00	 	1,549.33
12 Aug 2016	12 Aug 2016	   BY TRANSFER-TRF--	TRANSFER FROM 33983754319                         	 	80,000.00	81,549.33
13 Aug 2016	13 Aug 2016	   TO TRANSFER-INB--	ITJ0229506               TRANSFER TO 32409272317  	100.00	 	81,449.33
13 Aug 2016	13 Aug 2016	   TO TRANSFER-INB--	ITJ0230958               TRANSFER TO 32409272317  	49,900.00	 	31,549.33
13 Aug 2016	13 Aug 2016	   ATM WDL-ATM CASH 50445 +CORP HAL IISTAGE BLR  BANGALORE--		300.00	 	31,249.33
14 Aug 2016	14 Aug 2016	   ATM WDL-ATM CASH 50445 +CORP HAL II STAGE     BANGALORE--		323.00	 	30,926.33
16 Aug 2016	16 Aug 2016	   BY TRANSFER-NEFT*HDFC0000001*N229160178782801*MOOLE MADHAN MOH--	TRANSFER FROM 3199410044308	 	3,000.00	33,926.33
16 Aug 2016	16 Aug 2016	   ATM WDL-ATM CASH 50445 +CORP HAL II STAGE     BANGALORE--		523.00	 	33,403.33
17 Aug 2016	17 Aug 2016	   TO TRANSFER-INB--	ITJ0614644               TRANSFER TO 32409272317  	30,000.00	 	3,403.33
17 Aug 2016	17 Aug 2016	   by debit card-POS 081714498462 PayTM                    SBIPG--		50.00	 	3,353.33
17 Aug 2016	17 Aug 2016	   by debit card-POS GU4685733830 FREECHARGE            MUMBAI--		50.00	 	3,303.33
19 Aug 2016	19 Aug 2016	   by debit card-POS GU4690251501 FREECHARGE            MUMBAI--		100.00	 	3,203.33
19 Aug 2016	19 Aug 2016	   by debit card-POS GU4690255487 FREECHARGE            MUMBAI--		25.00	 	3,178.33
23 Aug 2016	23 Aug 2016	   ATM WDL-ATM CASH 50445 +CORP HAL II STAGE     BANGALORE--		523.00	 	2,655.33
23 Aug 2016	23 Aug 2016	   REVERSE ATM WDL---		 	523.00	3,178.33
23 Aug 2016	23 Aug 2016	   ATM WDL-ATM CASH 50445 +CORP HAL IISTAGE BLR  BANGALORE--		523.00	 	2,655.33
23 Aug 2016	23 Aug 2016	   ATM WDL-ATM CASH 50445 +CORP HAL IISTAGE BLR  BANGALORE--		9.20	 	2,646.13
24 Aug 2016	24 Aug 2016	   by debit card-POS GU4701813404 FREECHARGE            MUMBAI--		60.00	 	2,586.13
25 Aug 2016	25 Aug 2016	   by debit card-POS GU4704532177 FREECHARGE            MUMBAI--		50.00	 	2,536.13
27 Aug 2016	27 Aug 2016	   by debit card-POS GU4708588854 FREECHARGE            MUMBAI--		28.00	 	2,508.13
29 Aug 2016	29 Aug 2016	   ATM WDL-ATM CASH 50445 +CORP HAL IISTAGE BLR  BANGALORE--		1,023.00	 	1,485.13
29 Aug 2016	29 Aug 2016	   by debit card-POS 082911819531 www.ccavenue.com/charge  SBIPG--		390.00	 	1,095.13
30 Aug 2016	30 Aug 2016	   by debit card-POS GU4714646427 FREECHARGE            MUMBAI--		50.00	 	1,045.13
30 Aug 2016	30 Aug 2016	   BY TRANSFER-INB Bro--	ITJ2064103               TRANSFER FROM 20112694210	 	3,000.00	4,045.13
30 Aug 2016	30 Aug 2016	   by debit card-POS GU4716082612 FREECHARGE            MUMBAI--		200.00	 	3,845.13
30 Aug 2016	30 Aug 2016	   by debit card-POS GU4716087425 FREECHARGE            MUMBAI--		69.00	 	3,776.13
30 Aug 2016	30 Aug 2016	   by debit card-POS GU4716090803 FREECHARGE            MUMBAI--		25.00	 	3,751.13
1 Sep 2016	1 Sep 2016	   by debit card-POS GU4721316742 FREECHARGE            MUMBAI--		60.00	 	3,691.13
2 Sep 2016	2 Sep 2016	   BY TRANSFER-TDR CLOSING--	TRANSFER FROM 35873675380                         	 	2,01,811.00	2,05,502.13
2 Sep 2016	2 Sep 2016	   CASH WITHDRAWAL-CASH WITHDRAWAL SELF--		1,00,000.00	 	1,05,502.13
7 Sep 2016	7 Sep 2016	   BY TRANSFER-tdr 34957929271 cls--	TRANSFER FROM 34957929271                         	 	2,20,418.00	3,25,920.13
7 Sep 2016	7 Sep 2016	   CASH WITHDRAWAL-CASH WITHDRAWAL SELF--		1,00,000.00	 	2,25,920.13
8 Sep 2016	8 Sep 2016	   by debit card-POS GU4736992053 FREECHARGE            MUMBAI--		50.00	 	2,25,870.13
9 Sep 2016	9 Sep 2016	   by debit card-POS GU4741163725 FREECHARGE            MUMBAI--		6.00	 	2,25,864.13
10 Sep 2016	10 Sep 2016	   by debit card-POS GU4742640013 FREECHARGE            MUMBAI--		60.00	 	2,25,804.13
10 Sep 2016	10 Sep 2016	   by debit card-POS GU4742650733 FREECHARGE            MUMBAI--		29.00	 	2,25,775.13
10 Sep 2016	10 Sep 2016	   BY TRANSFER-INB IBM--	ITJ4034882               TRANSFER FROM 20112694210	 	1,00,000.00	3,25,775.13
10 Sep 2016	10 Sep 2016	   by debit card-POS 091018759743 www.ccavenue.com/charge  SBIPG--		880.00	 	3,24,895.13
11 Sep 2016	11 Sep 2016	   by debit card-POS GU4745194640 FREECHARGE            MUMBAI--		60.00	 	3,24,835.13
12 Sep 2016	12 Sep 2016	   BY TRANSFER-NEFT*HDFC0000001*N254160186546369*MOOLE MADHAN MOH--	TRANSFER FROM 3199422044305	 	30,000.00	3,54,835.13
12 Sep 2016	12 Sep 2016	   TO TRANSFER-INB personal--	ITJ4255489               TRANSFER TO 33116884745  	1,000.00	 	3,53,835.13
12 Sep 2016	12 Sep 2016	   TO TRANSFER-INB personal--	ITJ4275662               TRANSFER TO 33116884745  	1,000.00	 	3,52,835.13
15 Sep 2016	15 Sep 2016	   ATM WDL-ATM CASH 50445 +CORP HAL II STAGE     BANGALORE--		1,000.00	 	3,51,835.13
17 Sep 2016	17 Sep 2016	   by debit card-POS GU4758666960 FREECHARGE            MUMBAI--		24.00	 	3,51,811.13
19 Sep 2016	19 Sep 2016	   by debit card-POS GU4764212283 FREECHARGE            MUMBAI--		50.00	 	3,51,761.13
21 Sep 2016	21 Sep 2016	   by debit card-POS GU4768922361 FREECHARGE            MUMBAI--		50.00	 	3,51,711.13
22 Sep 2016	22 Sep 2016	   ATM WDL-ATM CASH 62660 +    Indra Nagar       Bangalore--		500.00	 	3,51,211.13
22 Sep 2016	22 Sep 2016	   by debit card-POS 626610026975 EBAY INDIA  PAISA PAY MUMBAI--		159.00	 	3,51,052.13
23 Sep 2016	23 Sep 2016	   BY TRANSFER-NEFT*HDFC0000001*N266160189532307*MOOLE MADHAN MOH--	TRANSFER FROM 3199678044303	 	4,000.00	3,55,052.13
23 Sep 2016	23 Sep 2016	   by debit card-POS 092316248269 Freecharge_BD            SBIPG--		50.00	 	3,55,002.13
25 Sep 2016	25 Sep 2016	   CREDIT INTEREST---		 	782.00	3,55,784.13
26 Sep 2016	26 Sep 2016	   TO TRANSFER-INB PERSONAL--	ITJ5838550               TRANSFER TO 33116884745  	50,000.00	 	3,05,784.13
26 Sep 2016	26 Sep 2016	   by debit card-POS GU4780450475 FREECHARGE            MUMBAI--		50.00	 	3,05,734.13
27 Sep 2016	27 Sep 2016	   TO TRANSFER-INB--	ITJ5988929               TRANSFER TO 33116884745  	50,000.00	 	2,55,734.13
27 Sep 2016	27 Sep 2016	   by debit card-POS 627116170277 FreeCharge            MUMBAI--		50.00	 	2,55,684.13
28 Sep 2016	28 Sep 2016	   TO TRANSFER-INB Freecharge.in             FREECHARGE Payments--	GSBI4786238451IG0CUCBYM0               TRANSFER TO	200.00	 	2,55,484.13
28 Sep 2016	28 Sep 2016	   TO TRANSFER-INB Freecharge.in             FREECHARGE Payments--	GSBI4786243748IG0CUCCHL2               TRANSFER TO	44.00	 	2,55,440.13
28 Sep 2016	28 Sep 2016	   ATM WDL-ATM CASH 50445 +CORP HAL IISTAGE BLR  BANGALORE--		1,000.00	 	2,54,440.13
30 Sep 2016	30 Sep 2016	   TO TRANSFER-INB IMPS/P2A/627411610333/XXXXXXX530UTIB--	IMPS00012779966MO14132085               TRANSFER T	100.00	 	2,54,340.13
1 Oct 2016	1 Oct 2016	   TO TRANSFER-INB Commission of IMPS00012779966---	IMPS00012779966IXF5974873               TRANSFER T	5.75	 	2,54,334.38
1 Oct 2016	1 Oct 2016	   by debit card-POS 000246754712 FUTURE LIFESTYLE FASHIOBANGALO--		499.00	 	2,53,835.38
1 Oct 2016	1 Oct 2016	   TO TRANSFER-INB IMPS/P2A/627516725555/XXXXXXX530UTIB--	IMPS00012862077MO14238605               TRANSFER T	100.00	 	2,53,735.38
1 Oct 2016	1 Oct 2016	   TO TRANSFER-INB IMPS/P2A/627516727055/XXXXXXX530UTIB--	IMPS00012863592MO14240065               TRANSFER T	5,300.00	 	2,48,435.38
2 Oct 2016	2 Oct 2016	   TO TRANSFER-INB Commission of IMPS00012863592---	IMPS00012863592IXF6077136               TRANSFER T	5.75	 	2,48,429.63
2 Oct 2016	2 Oct 2016	   TO TRANSFER-INB Commission of IMPS00012862077---	IMPS00012862077IXF6090621               TRANSFER T	5.75	 	2,48,423.88
4 Oct 2016	4 Oct 2016	   BY TRANSFER-INB IMPS/P2A/627814619607/XXXXXXX370--	MA30538313MA30538313               TRANSFER FROM 4	 	270.00	2,48,693.88
4 Oct 2016	4 Oct 2016	   ATM WDL-ATM CASH 50445 +CORP HAL IISTAGE BLR  BANGALORE--		1,000.00	 	2,47,693.88
4 Oct 2016	4 Oct 2016	   by debit card-POS HU4805083227 FREECHARGE            MUMBAI--		50.00	 	2,47,643.88
4 Oct 2016	4 Oct 2016	   TO TRANSFER-INB Andhra Pradesh State Road--	60825291IGAAAMCMM8               TRANSFER TO 45993	466.00	 	2,47,177.88
4 Oct 2016	4 Oct 2016	   TO TRANSFER-INB Andhra Pradesh State Road--	60825808IGAAAMDPZ8               TRANSFER TO 45993	482.00	 	2,46,695.88
4 Oct 2016	4 Oct 2016	   TO TRANSFER-INB Andhra Pradesh State Road--	60826765IGAAAMFMK8               TRANSFER TO 45993	460.00	 	2,46,235.88
6 Oct 2016	6 Oct 2016	   BY TRANSFER-INB Refund of IGAAAMDPZ8--	608258081IXGAAAJOK8               TRANSFER FROM 45	 	465.00	2,46,700.88
7 Oct 2016	7 Oct 2016	   by debit card-POS HU4813808404 FREECHARGE            MUMBAI--		40.00	 	2,46,660.88
10 Oct 2016	10 Oct 2016	   CASH WITHDRAWAL-CASH Withdrawn at GCC--		2,000.00	 	2,44,660.88
11 Oct 2016	11 Oct 2016	   ATM WDL-ATM CASH 3091  SBI  MYDUKUR ONSITE 2 CUDDAPAH--		1,000.00	 	2,43,660.88
11 Oct 2016	11 Oct 2016	   ATM WDL-ATM CASH 3119  SBI  MYDUKUR ONSITE 2 CUDDAPAH--		2,000.00	 	2,41,660.88
11 Oct 2016	11 Oct 2016	   ATM WDL-ATM CASH 9552  SBI  BUSINEES AREA    CUDDAPAH--		20,000.00	 	2,21,660.88
11 Oct 2016	11 Oct 2016	   ATM WDL-ATM CASH 9553  SBI  BUSINEES AREA    CUDDAPAH--		17,000.00	 	2,04,660.88
11 Oct 2016	11 Oct 2016	   by debit card-POS HU4821862012 FREECHARGE            MUMBAI--		96.00	 	2,04,564.88
17 Oct 2016	17 Oct 2016	   by debit card-POS 629102080176 FreeCharge            MUMBAI--		40.00	 	2,04,524.88
18 Oct 2016	18 Oct 2016	   by debit card-POS 629204081562 FreeCharge            MUMBAI--		50.00	 	2,04,474.88
18 Oct 2016	18 Oct 2016	   by debit card-POS 629213600566 FreeCharge            MUMBAI--		100.00	 	2,04,374.88
23 Oct 2016	23 Oct 2016	   ATM WDL-ATM CASH 7357  SBI  MYDUKURU         CUDDAPAH--		20,000.00	 	1,84,374.88
23 Oct 2016	23 Oct 2016	   ATM WDL-ATM CASH 7358  SBI  MYDUKURU         CUDDAPAH--		20,000.00	 	1,64,374.88
29 Oct 2016	29 Oct 2016	   by debit card-POS 630306601071 FreeCharge            MUMBAI--		39.00	 	1,64,335.88
30 Oct 2016	30 Oct 2016	   by debit card-POS 630416051180 FreeCharge            MUMBAI--		89.00	 	1,64,246.88
1 Nov 2016	1 Nov 2016	   by debit card-POS 103115739468 www.ccavenue.com/charge  SBIPG--		365.00	 	1,63,881.88
2 Nov 2016	2 Nov 2016	   by debit card-POS 110216730481 PayTM                    SBIPG--		50.00	 	1,63,831.88
3 Nov 2016	3 Nov 2016	   by debit card-POS HU4872192491 FREECHARGE            MUMBAI--		29.00	 	1,63,802.88
4 Nov 2016	4 Nov 2016	   by debit card-POS 630907790850 FreeCharge            MUMBAI--		24.00	 	1,63,778.88
5 Nov 2016	5 Nov 2016	   by debit card-POS 631008687723 FreeCharge            MUMBAI--		59.00	 	1,63,719.88
7 Nov 2016	7 Nov 2016	   BY TRANSFER-INB IMPS/P2A/631217837553/XXXXXXX252BENE - VERIFY--	MA46293821MA46293821               TRANSFER FROM 4	 	1.00	1,63,720.88
7 Nov 2016	7 Nov 2016	   BY TRANSFER-INB IMPS/P2A/631217911749/XXXXXXX252cash--	MA46294647MA46294647               TRANSFER FROM 4	 	5,000.00	1,68,720.88
8 Nov 2016	8 Nov 2016	   ATM WDL-ATM CASH 4682  +BEGUR MAIN RD HONGASABANGALORE--		500.00	 	1,68,220.88
8 Nov 2016	8 Nov 2016	   by debit card-POS HU4883657279 FREECHARGE            MUMBAI--		210.00	 	1,68,010.88
8 Nov 2016	8 Nov 2016	   by debit card-POS HU4883640283 FREECHARGE            MUMBAI--		44.00	 	1,67,966.88
10 Nov 2016	10 Nov 2016	   TO TRANSFER-INB--	ITK2561194               TRANSFER TO 20112694210  	10,000.00	 	1,57,966.88
10 Nov 2016	10 Nov 2016	   by debit card-POS HU4887596545 FREECHARGE            MUMBAI--		46.00	 	1,57,920.88
10 Nov 2016	10 Nov 2016	   by debit card-POS HU4887696939 FREECHARGE            MUMBAI--		24.00	 	1,57,896.88
12 Nov 2016	12 Nov 2016	   by debit card-POS 631703087414 FreeCharge            MUMBAI--		60.00	 	1,57,836.88
19 Nov 2016	19 Nov 2016	   TO TRANSFER-INB Abhibus Services India Pr--	105141462638IGAAHEPWS5               TRANSFER TO 4	380.00	 	1,57,456.88
19 Nov 2016	19 Nov 2016	   by debit card-POS 632409039656 FreeCharge            MUMBAI--		198.00	 	1,57,258.88
19 Nov 2016	19 Nov 2016	   by debit card-POS 632409041026 FreeCharge            MUMBAI--		60.00	 	1,57,198.88
19 Nov 2016	19 Nov 2016	   by debit card-POS 632412156638 FreeCharge            MUMBAI--		24.00	 	1,57,174.88
19 Nov 2016	19 Nov 2016	   by debit card-POS 632412158224 FreeCharge            MUMBAI--		44.00	 	1,57,130.88
20 Nov 2016	20 Nov 2016	   TO TRANSFER-INB Flipkart Internet Private BILL_FLIPL Payments--	HSBI4909732432IGAAHIRJZ5               TRANSFER TO	374.00	 	1,56,756.88
21 Nov 2016	21 Nov 2016	   BY TRANSFER-INB Refund of IGAAHEPWS5--	1051414626381IXGAAPNFO2               TRANSFER FRO	 	380.00	1,57,136.88
21 Nov 2016	21 Nov 2016	   by debit card-POS 010006277695 www.freshmenu.com     bangalor--		50.00	 	1,57,086.88
23 Nov 2016	23 Nov 2016	   by debit card-POS 632803958474 FreeCharge            MUMBAI--		37.00	 	1,57,049.88
23 Nov 2016	23 Nov 2016	   ATM WDL-ATM CASH 233   +SBI KODI CHIKKANAHALLBANGALORE--		2,000.00	 	1,55,049.88
23 Nov 2016	23 Nov 2016	   by debit card-POS 000293409665 AVENUE SUPERMARTS LTD-DBANGALO--		876.30	 	1,54,173.58
25 Nov 2016	25 Nov 2016	   ATM WDL-ATM CASH 735   RTC CITY TERMINAL     VIJAYAWADA--		2,000.00	 	1,52,173.58
25 Nov 2016	25 Nov 2016	   by debit card-POS 633012443054 FASHION PARK          VIJAYAWA--		2,600.00	 	1,49,573.58
27 Nov 2016	27 Nov 2016	   by debit card-POS 633215735150 FREECHARGE PU         GURGAON--		45.00	 	1,49,528.58
28 Nov 2016	28 Nov 2016	   by debit card-POS 633313073178 Accelyst Solutions PvtMumbai--		24.00	 	1,49,504.58
29 Nov 2016	29 Nov 2016	   by debit card-POS 633406191500 CELTEL                BANGALOR--		800.00	 	1,48,704.58
2 Dec 2016	2 Dec 2016	   by debit card-POS HU4938789566 FREECHARGE            MUMBAI--		24.00	 	1,48,680.58
5 Dec 2016	5 Dec 2016	   by debit card-POS 634006885459 FREECHARGE            MUMBAI--		8.00	 	1,48,672.58
6 Dec 2016	6 Dec 2016	   BY TRANSFER-Transfer through GCC--	TRANSFER FROM 32409272317                         	 	25,000.00	1,73,672.58
7 Dec 2016	7 Dec 2016	   by debit card-POS HU4952265281 FREECHARGE            MUMBAI--		8.00	 	1,73,664.58
9 Dec 2016	9 Dec 2016	   by debit card-POS HU4957997696 FREECHARGE            MUMBAI--		50.00	 	1,73,614.58
13 Dec 2016	13 Dec 2016	   TO TRANSFER-INB Flipkart Internet Private--	PZT16121308355697367IGAAKRAPP1               TRANS	619.00	 	1,72,995.58
14 Dec 2016	14 Dec 2016	   BY TRANSFER-INB IMPS/P2A/634914418575/XXXXXXX053RCI98I8--	MA60875726MA60875726               TRANSFER FROM 4	 	1.00	1,72,996.58
14 Dec 2016	14 Dec 2016	   BY TRANSFER-INB IMPS/P2A/634914418700/XXXXXXX053I163490052000--	MA60876440MA60876440               TRANSFER FROM 4	 	5,000.00	1,77,996.58
14 Dec 2016	14 Dec 2016	   BY TRANSFER-INB IMPS/P2A/634914418712/XXXXXXX053I163490052000--	MA60876471MA60876471               TRANSFER FROM 4	 	5,000.00	1,82,996.58
14 Dec 2016	14 Dec 2016	   BY TRANSFER-INB IMPS/P2A/634914418717/XXXXXXX053I163490052000--	MA60876512MA60876512               TRANSFER FROM 4	 	5,000.00	1,87,996.58
14 Dec 2016	14 Dec 2016	   BY TRANSFER-INB IMPS/P2A/634914418726/XXXXXXX053I163490052000--	MA60876542MA60876542               TRANSFER FROM 4	 	5,000.00	1,92,996.58

**This is a computer generated statement and does not require a signature