Account Name       :                	Mr. MOOLE MADHAN MOHAN REDDY
Address            :	NO 526 STATE BANK OF INDIA
                                    	THUABRAHALLI BR
                                    	BANGALORE-560066
                                    	Bangalore
Date               :                	7 Dec 2015
Account Number     :	_00000020112694210
Account Description:	SBCHQ-CSA-PUBIND-CSSILVER-INR
Branch             :	THUBARAHALLI BRANCH
Drawing Power      :	0.00
Interest Rate(% p.a.):	4.0
MOD Balance      :	0.00
CIF No.          :	_86153868825
IFS Code         :	SBIN0017042
MICR Code        :	_560002224
Nomination Registered    :	Yes 
Balance on 1 Dec 2013        :	14,050.00
Start Date          :	1 Dec 2013
End Date            :	1 May 2014
Txn Date	Value Date	Description	Ref No./Cheque No.	        Debit	Credit	Balance	
3 Dec 2013	3 Dec 2013	   TO TRANSFER-INB--	IT78650994               TRANSFER TO 20112694221  	4,250.00	 	9,800.00
4 Dec 2013	4 Dec 2013	   ATM WDL-ATM 28688 TCS  GR TECH PARK      BANGALORE    KAIN--		3,200.00	 	6,600.00
6 Dec 2013	6 Dec 2013	   ATM WDL-ATM 28695 TCS  GR TECH PARK      BANGALORE    KAIN--		900.00	 	5,700.00
10 Dec 2013	10 Dec 2013	   ATM WDL-ATM 28688 TCS  GR TECH PARK      BANGALORE    KAIN--		800.00	 	4,900.00
13 Dec 2013	13 Dec 2013	   POS PRCH-POS 663776 470000042544125       BANGALOR--		200.00	 	4,700.00
13 Dec 2013	13 Dec 2013	   ATM WDL-ATM 28698 TCS  GR TECH PARK      BANGALORE    KAIN--		900.00	 	3,800.00
21 Dec 2013	21 Dec 2013	   ATM WDL-ATM 9814  SBH  RLY.STN.KACHIGUD HYDERABAD    AP IN--		1,500.00	 	2,300.00
23 Dec 2013	23 Dec 2013	   ATM WDL-ATM 5518  BOB                   SHIRDI       MH IN--		1,500.00	 	800.00
27 Dec 2013	27 Dec 2013	   ATM WDL-ATM 28689 TCS  GR TECH PARK      BANGALORE    KAIN--		717.00	 	83.00
28 Dec 2013	28 Dec 2013	   DEBIT-Service.Charges.Dec.2013..........................--		15.00	 	68.00
31 Dec 2013	31 Dec 2013	   BY TRANSFER-NEFT*SCBL0036001*SIN00892Q2614290*TATA CONSULTANCY--	TRANSFER FROM 3199423044304	 	25,289.00	25,357.00
31 Dec 2013	31 Dec 2013	   ATM WDL-ATM 28696 TCS  GR TECH PARK      BANGALORE    KAIN--		917.00	 	24,440.00
31 Dec 2013	31 Dec 2013	   CREDIT INTEREST---		 	86.00	24,526.00
1 Jan 2014	1 Jan 2014	   POS PRCH-POS 583734 CITIBANK INDIA        Bangalor--		1,804.00	 	22,722.00
1 Jan 2014	1 Jan 2014	   POS PRCH-POS 673087 470000050344364       BANGALOR--		415.00	 	22,307.00
1 Jan 2014	1 Jan 2014	   TO TRANSFER-4591510104955369   00000032883658558--	TRANSFER TO 32883658558                           	10,000.00	 	12,307.00
3 Jan 2014	3 Jan 2014	   TO TRANSFER-INB--	IT81119431               TRANSFER TO 20112694221  	10,000.00	 	2,307.00
5 Jan 2014	5 Jan 2014	   ATM WDL-ATM 28685 TCS  GR TECH PARK      BANGALORE    KAIN--		1,500.00	 	807.00
5 Jan 2014	5 Jan 2014	   ATM WDL-ATM 28685 TCS  GR TECH PARK      BANGALORE    KAIN--		800.00	 	7.00
6 Jan 2014	6 Jan 2014	   BY TRANSFER-NEFT*ICIC0SF0002*533866085*MUNI SEKHAR REDDY--	TRANSFER FROM 3199419044300	 	7,000.00	7,007.00
6 Jan 2014	6 Jan 2014	   TO TRANSFER-INB--	IT81492006               TRANSFER TO 20112694221  	3,200.00	 	3,807.00
6 Jan 2014	6 Jan 2014	   ATM WDL-ATM 28697 TCS  GR TECH PARK      BANGALORE    KAIN--		400.00	 	3,407.00
7 Jan 2014	7 Jan 2014	   ATM WDL-ATM 28697 TCS  GR TECH PARK      BANGALORE    KAIN--		2,000.00	 	1,407.00
13 Jan 2014	13 Jan 2014	   ATM WDL-ATM 7928  WHITEFIELD BRANCH      YEDEHALLI OFFKAIN--		500.00	 	907.00
13 Jan 2014	13 Jan 2014	   ATM WDL-ATM 7929  WHITEFIELD BRANCH      YEDEHALLI OFFKAIN--		6.00	 	901.00
24 Jan 2014	24 Jan 2014	   ATM WDL-ATM 28685 TCS  GR TECH PARK      BANGALORE    KAIN--		717.00	 	184.00
29 Jan 2014	29 Jan 2014	   ATM WDL-ATM 28695 TCS  GR TECH PARK      BANGALORE    KAIN--		117.00	 	67.00
31 Jan 2014	31 Jan 2014	   BY TRANSFER-NEFT*SCBL0036001*SIN00892Q2674445*TATA CONSULTANCY--	TRANSFER FROM 3199422044305	 	25,295.00	25,362.00
31 Jan 2014	31 Jan 2014	   ATM WDL-ATM 28699 TCS  GR TECH PARK      BANGALORE    KAIN--		1,517.00	 	23,845.00
5 Feb 2014	5 Feb 2014	   ATM WDL-ATM 28695 TCS  GR TECH PARK      BANGALORE    KAIN--		900.00	 	22,945.00
6 Feb 2014	6 Feb 2014	   TO TRANSFER-INB--	IT84126765               TRANSFER TO 20112694221  	4,900.00	 	18,045.00
7 Feb 2014	7 Feb 2014	   ATM WDL-ATM 1677  WHITE FIELD BR         WHITE FIELD  KAIN--		2,700.00	 	15,345.00
8 Feb 2014	8 Feb 2014	   POS PRCH-POS 210248 037044000090208       BANGALOR--		500.00	 	14,845.00
8 Feb 2014	8 Feb 2014	   POS PRCH-POS 500094 037044000090208       BANGALOR--		5,750.00	 	9,095.00
8 Feb 2014	8 Feb 2014	   POS PRCH-POS 430609 037044000090208       BANGALOR--		2,880.00	 	6,215.00
13 Feb 2014	13 Feb 2014	   ATM WDL-ATM 2637  WHITE FIELD BR         WHITE FIELD  KAIN--		800.00	 	5,415.00
15 Feb 2014	15 Feb 2014	   TO TRANSFER-INB hi--	IT84944641               TRANSFER TO 20112694221  	2,000.00	 	3,415.00
16 Feb 2014	16 Feb 2014	   ATM WDL-ATM 936   WHITEFIELD BRANCH      SUPAUL BR    KAIN--		800.00	 	2,615.00
21 Feb 2014	21 Feb 2014	   TO TRANSFER-INB--	IT85467744               TRANSFER TO 20112694221  	500.00	 	2,115.00
25 Feb 2014	25 Feb 2014	   ATM WDL-ATM 28689 TCS  GR TECH PARK      BANGALORE    KAIN--		800.00	 	1,315.00
28 Feb 2014	28 Feb 2014	   BY TRANSFER-NEFT*CITI0100000*CITIN14414555110*TATA CONSULTANCY--	TRANSFER FROM 3199416044303	 	28,395.00	29,710.00
28 Feb 2014	28 Feb 2014	   TO TRANSFER-INB--	IT85995544               TRANSFER TO 20112694221  	10,000.00	 	19,710.00
28 Feb 2014	28 Feb 2014	   ATM WDL-ATM 5362  WHITE FIELD BR         WHITE FIELD  KAIN--		1,017.00	 	18,693.00
4 Mar 2014	4 Mar 2014	   TO TRANSFER-INB--	IT86523331               TRANSFER TO 20112694221  	10,000.00	 	8,693.00
7 Mar 2014	7 Mar 2014	   TO TRANSFER-INB--	IT86847368               TRANSFER TO 20112694221  	3,000.00	 	5,693.00
8 Mar 2014	8 Mar 2014	   CREDIT INTEREST---		 	44.00	5,737.00
8 Mar 2014	8 Mar 2014	   DEBIT INTEREST---		44.00	 	5,693.00
8 Mar 2014	8 Mar 2014	   ATM WDL-ATM 58    SBI BEML LAYOUT       BANGALORE    KA IN--		1,000.00	 	4,693.00
15 Mar 2014	15 Mar 2014	   ATM WDL-ATM 1789  SBI BEML LAYOUT       BANGALORE    KA IN--		500.00	 	4,193.00
15 Mar 2014	15 Mar 2014	   POS PRCH-POS 926268 MATHAN VENTURES THUBARBANGALOR--		747.00	 	3,446.00
15 Mar 2014	15 Mar 2014	   ATM WDL-ATM 1899  SBI BEML LAYOUT       BANGALORE    KA IN--		1,000.00	 	2,446.00
20 Mar 2014	20 Mar 2014	   ATM OR SMS CHARGES---		15.00	 	2,431.00
22 Mar 2014	22 Mar 2014	   ATM WDL-ATM 3901  SBI BEML LAYOUT       BANGALORE    KA IN--		700.00	 	1,731.00
25 Mar 2014	25 Mar 2014	   ATM WDL-ATM 4734  SBI BEML LAYOUT       BANGALORE    KA IN--		800.00	 	931.00
28 Mar 2014	28 Mar 2014	   BY TRANSFER-NEFT*CITI0100000*CITIN14422682678*TATA CONSULTANCY--	TRANSFER FROM 3199419044300	 	24,445.00	25,376.00
28 Mar 2014	28 Mar 2014	   ATM WDL-ATM 5542  SBI BEML LAYOUT       BANGALORE    KA IN--		1,500.00	 	23,876.00
30 Mar 2014	30 Mar 2014	   DEBIT SWEEP---	SWEEP TO 33759897988	18,000.00	 	5,876.00
2 Apr 2014	2 Apr 2014	   TO TRANSFER-INB NEFT SBIN814092577488 Hajarathaiah Podalakuru--	NEFT INB: IR38434215                              	5,352.50	 	523.50
6 Apr 2014	6 Apr 2014	   TRANSFER CREDIT-            8918480406113415S1ACYE01        1007--	SWEEP FROM 33759897988                            	 	1,001.00	1,524.50
6 Apr 2014	6 Apr 2014	   ATM WDL-ATM 1007  WHITEFIELD BRANCH      YEDEHALLI OFFKAIN--		1,300.00	 	224.50
6 Apr 2014	6 Apr 2014	   TRANSFER CREDIT-            9026760406113457S1ACYE01        1008--	SWEEP FROM 33759897988                            	 	1,001.00	1,225.50
6 Apr 2014	6 Apr 2014	   ATM WDL-ATM 1008  WHITEFIELD BRANCH      YEDEHALLI OFFKAIN--		500.00	 	725.50
6 Apr 2014	6 Apr 2014	   POS PRCH-POS 955519 KFC BANGALORE GROUND ABANGALOR--		622.00	 	103.50
13 Apr 2014	13 Apr 2014	   TRANSFER CREDIT-            304954041304535447041374        936653--	SWEEP FROM 33759897988                            	 	3,008.00	3,111.50
13 Apr 2014	13 Apr 2014	   POS PRCH-POS 936653 ARVIND FORUMVALUE MALLBANGALOR--		2,305.00	 	806.50
13 Apr 2014	13 Apr 2014	   ATM WDL-ATM 7216  THUBARAHALLI BEML LAYOBANGALORE    KA IN--		400.00	 	406.50
15 Apr 2014	15 Apr 2014	   TRANSFER CREDIT-INB NEFT SBIN114105305804 Hajarathaiah Podalakuru--	SWEEP FROM 33759897988                            	 	1,003.00	1,409.50
15 Apr 2014	15 Apr 2014	   TO TRANSFER-INB NEFT SBIN114105305804 Hajarathaiah Podalakuru--	NEFT INB: IR39121089                              	1,002.50	 	407.00
17 Apr 2014	17 Apr 2014	   TRANSFER CREDIT-            1127130417102957S1BW001316215   8021--	SWEEP FROM 33759897988                            	 	1,003.00	1,410.00
17 Apr 2014	17 Apr 2014	   ATM WDL-ATM 8021  THUBARAHALLI BEML LAYOBANGALORE    KA IN--		900.00	 	510.00
25 Apr 2014	25 Apr 2014	   ATM WDL-ATM 2260  WHITEFIELD BRANCH      SUPAUL BR    KAIN--		500.00	 	10.00
26 Apr 2014	26 Apr 2014	   TRANSFER CREDIT-INB Vodafone                  VODAFONE Payments--	SWEEP FROM 33759897988                            	 	1,005.00	1,015.00
26 Apr 2014	26 Apr 2014	   TO TRANSFER-INB Vodafone                  VODAFONE Payments--	MSBI3331228546IGT63579TRANSFER TO 3199615162092	250.00	 	765.00
27 Apr 2014	27 Apr 2014	   TRANSFER CREDIT-            9617050427133403S1BW001316215   9043--	SWEEP FROM 33759897988                            	 	1,005.00	1,770.00
27 Apr 2014	27 Apr 2014	   ATM WDL-ATM 9043  THUBARAHALLI BEML LAYOBANGALORE    KA IN--		900.00	 	870.00
29 Apr 2014	29 Apr 2014	   TRANSFER CREDIT-            3509940429201523FFBX001114053   2009--	SWEEP FROM 33759897988                            	 	1,006.00	1,876.00
29 Apr 2014	29 Apr 2014	   ATM WDL-ATM 2009  SBI BEML LAYOUT       BANGALORE    KA IN--		900.00	 	976.00
30 Apr 2014	30 Apr 2014	   BY TRANSFER-NEFT*CITI0100000*CITIN14431286256*TATA CONSULTANCY--	TRANSFER FROM 3199679044302	 	21,396.00	22,372.00
30 Apr 2014	30 Apr 2014	   BY TRANSFER-tr 20112694210--	TRANSFER FROM 33116884745                         	 	60,000.00	82,372.00
1 May 2014	1 May 2014	   TO TRANSFER-INB--	IT91717155               TRANSFER TO 20112694221  	1,660.00	 	80,712.00
