Account Name       :                	Mr. MOOLE MADHAN MOHAN REDDY
Address            :	NO 526 STATE BANK OF INDIA
                                    	THUABRAHALLI BR
                                    	BANGALORE-560066
                                    	Bangalore
Date               :                	9 Dec 2015
Account Number     :	_00000020112694210
Account Description:	SBCHQ-CSA-PUBIND-CSSILVER-INR
Branch             :	THUBARAHALLI BRANCH
Drawing Power      :	0.00
Interest Rate(% p.a.):	4.0
MOD Balance      :	0.00
CIF No.          :	_86153868825
IFS Code         :	SBIN0017042
MICR Code        :	_560002224
Nomination Registered    :	Yes 
Balance on 1 Dec 2015        :	3,555.13
Start Date          :	1 Dec 2015
End Date            :	31 Dec 2015
Txn Date	Value Date	Description	Ref No./Cheque No.	        Debit	Credit	Balance	
3 Dec 2015	3 Dec 2015	   BY TRANSFER-NEFT*HDFC0000001*N337150112050986*MOOLE MADHAN MOH--	TRANSFER FROM 3199681044308	 	25,000.00	28,555.13
3 Dec 2015	3 Dec 2015	   TO TRANSFER-INB NEFT SBIN815337014926 Raviteja--	NEFT INB: IR79068418                              	25,000.00	 	3,555.13
3 Dec 2015	3 Dec 2015	   TO TRANSFER-NB Fund Payin to SSL for 59744468                E--	IG0BCCAJT2                TRANSFER TO 30230175497 	1.00	 	3,554.13
4 Dec 2015	4 Dec 2015	   CSH DEP (CDM)-CARDLESS DEPOSITBY 8884755541 TO 7204647485--		 	48,000.00	51,554.13
4 Dec 2015	4 Dec 2015	************************---38976288	38976288	25.00	 	51,529.13
4 Dec 2015	4 Dec 2015	   ATM WDL-ATM CASH 50445 +CORP HAL II STAGE     BANGALORE--		10,000.00	 	41,529.13
5 Dec 2015	5 Dec 2015	   ATM WDL-ATM CASH 7098  +THUBARAHALLI BEML LAYBANGALORE--		15,000.00	 	26,529.13
6 Dec 2015	6 Dec 2015	   TO TRANSFER-INB Bro--	ITF7279520               TRANSFER TO 31794520117  	7,000.00	 	19,529.13
7 Dec 2015	7 Dec 2015	   BULK POSTING-15016585186 ITD TAX REFUND AY 15-16 PAN BHQPM5974D--		 	3,560.00	23,089.13
7 Dec 2015	7 Dec 2015	   TO TRANSFER-INB IELTS--	ITF7432908               TRANSFER TO 31794520117  	10,700.00	 	12,389.13
7 Dec 2015	7 Dec 2015	   ATM WDL-ATM CASH 3563  +SBT  KORAMANGALA     BANGALURU--		1,000.00	 	11,389.13
7 Dec 2015	7 Dec 2015	   TO TRANSFER-INB NEFT SBIN115341619101 Raviteja--	NEFT INB: IR79421091                              	7,975.00	 	3,414.13
7 Dec 2015	7 Dec 2015	   BY TRANSFER-NEFT*HDFC0000001*N341150112901831*MOOLE MADHAN MOH--	TRANSFER FROM 3199411044308	 	8,000.00	11,414.13
7 Dec 2015	7 Dec 2015	   BY TRANSFER-NEFT*SBMY0040299*SBMY415341889535*V JANARDHAN--	TRANSFER FROM 3199677044304	 	37,400.00	48,814.13
7 Dec 2015	7 Dec 2015	   ATM WDL-ATM CASH 50445 +CORP HAL IISTAGE BLR  BANGALORE--		3,000.00	 	45,814.13
9 Dec 2015	9 Dec 2015	   TO TRANSFER-INB Dad--	ITF7684801               TRANSFER TO 33116884745  	10,000.00	 	35,814.13
