Account Name       :                	Mr. MOOLE MADHAN MOHAN REDDY
Address            :	NO 526 STATE BANK OF INDIA
                                    	THUABRAHALLI BR
                                    	BANGALORE-560066
                                    	Bangalore
Date               :                	7 Dec 2015
Account Number     :	_00000020112694210
Account Description:	SBCHQ-CSA-PUBIND-CSSILVER-INR
Branch             :	THUBARAHALLI BRANCH
Drawing Power      :	0.00
Interest Rate(% p.a.):	4.0
MOD Balance      :	0.00
CIF No.          :	_86153868825
IFS Code         :	SBIN0017042
MICR Code        :	_560002224
Nomination Registered    :	Yes 
Balance on 1 May 2014        :	82,372.00
Start Date          :	1 May 2014
End Date            :	14 Oct 2014
Txn Date	Value Date	Description	Ref No./Cheque No.	        Debit	Credit	Balance	
1 May 2014	1 May 2014	   TO TRANSFER-INB--	IT91717155               TRANSFER TO 20112694221  	1,660.00	 	80,712.00
3 May 2014	3 May 2014	   TO TRANSFER-INB--	IT91964587               TRANSFER TO 20112694221  	45,000.00	 	35,712.00
3 May 2014	3 May 2014	   ATM WDL-ATM 535   THUBARAHALLI BEML LAYOBANGALORE    KA IN--		20,000.00	 	15,712.00
3 May 2014	3 May 2014	   ATM WDL-ATM 537   THUBARAHALLI BEML LAYOBANGALORE    KA IN--		15,000.00	 	712.00
3 May 2014	3 May 2014	   TO TRANSFER-INB BHARTI AIRTEL--	05540827114661IGT8956971               TRANSFER TO	100.00	 	612.00
5 May 2014	5 May 2014	   TRANSFER CREDIT-INB NEFT SBIN414125552660 Hajarathaiah Podalakuru--	SWEEP FROM 33759897988                            	 	4,028.00	4,640.00
5 May 2014	5 May 2014	   TO TRANSFER-INB NEFT SBIN414125552660 Hajarathaiah Podalakuru--	NEFT INB: IR40120775                              	4,252.50	 	387.50
5 May 2014	5 May 2014	   BY TRANSFER-INB Refund of IGT8956971---	055408271146611IX46369218               TRANSFER F	 	100.00	487.50
9 May 2014	9 May 2014	   TRANSFER CREDIT-            4418190509141542S1CW4779        286919--	SWEEP FROM 33759897988                            	 	2,015.00	2,502.50
9 May 2014	9 May 2014	   ATM WDL-ATM 28691 TCS  GR TECH PARK      BANGALORE    KAIN--		2,000.00	 	502.50
10 May 2014	10 May 2014	   TRANSFER CREDIT-            2296190510165022NBAN0780        9941--	SWEEP FROM 33759897988                            	 	2,016.00	2,518.50
10 May 2014	10 May 2014	   ATM WDL-ATM 9941  UBI RICHMOND TOWN BR   BANGALORE    KAIN--		2,000.00	 	518.50
12 May 2014	12 May 2014	   BY TRANSFER-NEFT*SCBL0036001*SIN00892Q2798593*TATA CONSULTANCY--	TRANSFER FROM 3199423044304	 	5,000.00	5,518.50
12 May 2014	12 May 2014	   ATM WDL-ATM 5534  SBI BEML LAYOUT       BANGALORE    KA IN--		1,000.00	 	4,518.50
17 May 2014	17 May 2014	   POS PRCH-POS 080538 KFC Bangalore KBR MallBangalor--		461.00	 	4,057.50
17 May 2014	17 May 2014	   POS PRCH-POS 110555 KFC BANGALORE GROUND ABANGALOR--		590.00	 	3,467.50
18 May 2014	18 May 2014	   ATM WDL-ATM 1752  WHITEFIELD BRANCH      YEDEHALLI OFFKAIN--		500.00	 	2,967.50
22 May 2014	22 May 2014	   ATM WDL-ATM 4255  THUBARAHALLI BEML LAYOBANGALORE    KA IN--		1,000.00	 	1,967.50
23 May 2014	23 May 2014	   POS PRCH-POS 590333 KARTHIK SWEETS        BANGALOR--		550.00	 	1,417.50
27 May 2014	27 May 2014	   BY TRANSFER-NEFT*HDFC0000001*N146140018281007*N SWARNATA--	TRANSFER FROM 3199424044303	 	400.00	1,817.50
27 May 2014	27 May 2014	   POS PRCH-POS 550349 KARTHIK SWEETS        BANGALOR--		530.00	 	1,287.50
28 May 2014	28 May 2014	   TO TRANSFER-INB NEFT SBIN414148833375 Hajarathaiah Podalakuru--	NEFT INB: IR41162125                              	1,002.50	 	285.00
30 May 2014	30 May 2014	   BY TRANSFER-NEFT*CITI0100000*CITIN14439305613*TATA CONSULTANCY--	TRANSFER FROM 3199421044306	 	36,402.00	36,687.00
30 May 2014	30 May 2014	   TO TRANSFER-INB NEFT SBIN514150901108 Hajarathaiah Podalakuru--	NEFT INB: IR41258102                              	4,902.50	 	31,784.50
30 May 2014	30 May 2014	   TO TRANSFER-INB Vodafone                  VODAFONE Payments--	MSBI3365461492IGU9031215               TRANSFER TO	500.00	 	31,284.50
31 May 2014	31 May 2014	   ATM WDL-ATM 9388  SBI BEML LAYOUT       BANGALORE    KA IN--		7,000.00	 	24,284.50
31 May 2014	31 May 2014	   POS PRCH-POS 340726 BRANDFACT(FUTURERETAILBANGALOR--		791.00	 	23,493.50
1 Jun 2014	1 Jun 2014	   ATM WDL-ATM 9302  WHITEFIELD BR          WHITEFIELD IIKAIN--		500.00	 	22,993.50
3 Jun 2014	3 Jun 2014	   TO TRANSFER-4591510104955369   00000032883658558--	TRANSFER TO 32883658558                           	3,000.00	 	19,993.50
3 Jun 2014	3 Jun 2014	   ATM WDL-ATM 514   SBI BEML LAYOUT       BANGALORE    KA IN--		1,000.00	 	18,993.50
4 Jun 2014	4 Jun 2014	   ATM WDL-ATM 830   SBI BEML LAYOUT       BANGALORE    KA IN--		3,000.00	 	15,993.50
4 Jun 2014	4 Jun 2014	   TO TRANSFER-INB Ten Thousand--	IT95021804               TRANSFER TO 11313768921  	10,000.00	 	5,993.50
8 Jun 2014	8 Jun 2014	   POS PRCH-POS 935407 TOTAL MURUGESHPALYA   BANGALOR--		662.00	 	5,331.50
8 Jun 2014	8 Jun 2014	   POS PRCH-POS 938311 TOTAL MURUGESHPALYA   BANGALOR--		1,199.00	 	4,132.50
8 Jun 2014	8 Jun 2014	   POS PRCH-POS 060725 DOMINOS PIZZA         BANGALOR--		421.00	 	3,711.50
11 Jun 2014	11 Jun 2014	   ATM WDL-ATM 2802  SBI BEML LAYOUT       BANGALORE    KA IN--		1,000.00	 	2,711.50
12 Jun 2014	12 Jun 2014	   CASH DEPOSIT-CASH DEPOSIT SELF--		 	41,000.00	43,711.50
12 Jun 2014	12 Jun 2014	   TO TRANSFER-INB NEFT SBIN514163204180 Hajarathaiah Podalakuru--	NEFT INB: IR42082590                              	41,005.00	 	2,706.50
13 Jun 2014	13 Jun 2014	   POS PRCH-POS 275877 PANACHE MARATHALLI    BANGALOR--		573.00	 	2,133.50
13 Jun 2014	13 Jun 2014	   POS PRCH-POS 571437 MATS FUEL PARK HPCL   BANGALOR--		500.00	 	1,633.50
14 Jun 2014	14 Jun 2014	   ATM WDL-ATM 3615  SBI BEML LAYOUT       BANGALORE    KA IN--		500.00	 	1,133.50
14 Jun 2014	14 Jun 2014	   POS PRCH-POS 411227 MC BROOKFIELDS        BANGALOR--		281.00	 	852.50
16 Jun 2014	16 Jun 2014	   TO TRANSFER-INB Vodafone                  VODAFONE Payments--	MSBI3385165017IGV6491842               TRANSFER TO	250.00	 	602.50
20 Jun 2014	20 Jun 2014	   ATM WDL-ATM 5167  SBI BEML LAYOUT       BANGALORE    KA IN--		500.00	 	102.50
30 Jun 2014	30 Jun 2014	   BY TRANSFER-NEFT*CITI0100000*CITIN14447548706*TATA CONSULTANCY--	TRANSFER FROM 3199676044305	 	26,017.00	26,119.50
30 Jun 2014	30 Jun 2014	   CREDIT INTEREST---		 	112.00	26,231.50
1 Jul 2014	1 Jul 2014	   BY TRANSFER-INB hi--	IT97432747               TRANSFER FROM 30487129131	 	890.00	27,121.50
2 Jul 2014	2 Jul 2014	   ATM WDL-ATM 28684 TCS  GR TECH PARK      BANGALORE    KAIN--		900.00	 	26,221.50
2 Jul 2014	2 Jul 2014	   TO TRANSFER-INB NEFT SBIN614183645498 Hajarathaiah Podalakuru--	NEFT INB: IR42971452                              	6,768.50	 	19,453.00
3 Jul 2014	3 Jul 2014	   TO TRANSFER-INB NEFT SBIN714184015588 Hajarathaiah Podalakuru--	NEFT INB: IR42886612                              	6,668.50	 	12,784.50
4 Jul 2014	4 Jul 2014	   BY TRANSFER-NEFT*CITI0000003*CITIN14450162138*PODALAKURU HAJAR--	TRANSFER FROM 3199421044306	 	6,766.00	19,550.50
5 Jul 2014	5 Jul 2014	   TO TRANSFER-INB Vodafone                  VODAFONE Payments--	MSBI3405093129IGW4288414               TRANSFER TO	250.00	 	19,300.50
5 Jul 2014	5 Jul 2014	   TO TRANSFER-INB--	IT97961434               TRANSFER TO 33116884745  	10,000.00	 	9,300.50
6 Jul 2014	6 Jul 2014	   POS PRCH-POS 963645 JASHN, WHITE FIELD    BANGALOR--		3,401.00	 	5,899.50
8 Jul 2014	8 Jul 2014	   ATM WDL-ATM 206   SBI BEML LAYOUT       BANGALORE    KA IN--		2,000.00	 	3,899.50
11 Jul 2014	11 Jul 2014	   ATM WDL-ATM 6488  THUBARAHALLI BEML LAYOBANGALORE    KA IN--		200.00	 	3,699.50
11 Jul 2014	11 Jul 2014	   POS PRCH-POS 283021 MAHADEV 1 4TH MAIN BEMBANGALOR--		367.00	 	3,332.50
14 Jul 2014	14 Jul 2014	   ATM WDL-ATM 1617  SBI BEML LAYOUT       BANGALORE    KA IN--		1,000.00	 	2,332.50
15 Jul 2014	15 Jul 2014	   ATM WDL-ATM 28689 TCS  GR TECH PARK      BANGALORE    KAIN--		900.00	 	1,432.50
16 Jul 2014	16 Jul 2014	   ATM WDL-ATM 1987  SBI BEML LAYOUT       BANGALORE    KA IN--		500.00	 	932.50
16 Jul 2014	16 Jul 2014	   BY TRANSFER-NEFT*ICIC0SF0002*619091654*VML RAVITEJA KODAT--	TRANSFER FROM 3199419044300	 	15,000.00	15,932.50
17 Jul 2014	17 Jul 2014	   BY TRANSFER-NEFT*HDFC0000001*N198140025425921*YESHWANTH T--	TRANSFER FROM 3199677044304	 	25,000.00	40,932.50
17 Jul 2014	17 Jul 2014	   ATM WDL-ATM 28689 TCS  GR TECH PARK      BANGALORE    KAIN--		700.00	 	40,232.50
17 Jul 2014	17 Jul 2014	   ATM WDL-ATM 28695 TCS  GR TECH PARK      BANGALORE    KAIN--		3,000.00	 	37,232.50
17 Jul 2014	17 Jul 2014	   POS PRCH-POS 311277 D MART                BANGALOR--		1,159.40	 	36,073.10
20 Jul 2014	20 Jul 2014	   TO TRANSFER-INB--	IT99302943               TRANSFER TO 20112694221  	31,500.00	 	4,573.10
20 Jul 2014	20 Jul 2014	   TO TRANSFER-INB Vodafone                  VODAFONE Payments--	MSBI3420776409IGX0706695               TRANSFER TO	60.00	 	4,513.10
21 Jul 2014	21 Jul 2014	   BY TRANSFER-NEFT*KKBK0000958*KKBKH14202691931*DANDAMOODI CHAND--	TRANSFER FROM 3199680044308	 	100.00	4,613.10
21 Jul 2014	21 Jul 2014	   BY TRANSFER-NEFT*KKBK0000958*KKBKH14202712909*DANDAMOODI CHAND--	TRANSFER FROM 3199416044303	 	19,900.00	24,513.10
21 Jul 2014	21 Jul 2014	   TO TRANSFER-INB Andhra Pradesh State Road--	26793049IGX1388746               TRANSFER TO 31052	400.00	 	24,113.10
21 Jul 2014	21 Jul 2014	   TO TRANSFER-INB Andhra Pradesh State Road--	26793225IGX1392164               TRANSFER TO 31052	400.00	 	23,713.10
22 Jul 2014	22 Jul 2014	   TO TRANSFER-INB--	IT99468362               TRANSFER TO 20112694221  	20,000.00	 	3,713.10
27 Jul 2014	27 Jul 2014	   TO TRANSFER-INB Vodafone                  VODAFONE Payments--	MSBI3428820597IGX3769994               TRANSFER TO	60.00	 	3,653.10
28 Jul 2014	28 Jul 2014	   TO TRANSFER-INB CCavenue Bills--	CCABG2ZKV184IGX4209722               TRANSFER TO 3	61.00	 	3,592.10
29 Jul 2014	29 Jul 2014	   TO TRANSFER-INB Vodafone                  VODAFONE Payments--	MSBI3430599518IGX4431171               TRANSFER TO	60.00	 	3,532.10
31 Jul 2014	31 Jul 2014	   BY TRANSFER-NEFT*CITI0100000*CITIN14456317677*TATA CONSULTANCY--	TRANSFER FROM 3199679044302	 	26,017.00	29,549.10
31 Jul 2014	31 Jul 2014	   ATM WDL-ATM 4882  SBI BEML LAYOUT       BANGALORE    KA IN--		1,000.00	 	28,549.10
31 Jul 2014	31 Jul 2014	   TO TRANSFER-INB Vodafone                  VODAFONE Payments--	MSBI3433844797IGX5604713               TRANSFER TO	60.00	 	28,489.10
2 Aug 2014	2 Aug 2014	   ATM WDL-ATM 42140 BANGALORE CENTRAL MALL BANGALORE    KAIN--		4,000.00	 	24,489.10
4 Aug 2014	4 Aug 2014	   BY TRANSFER-NEFT*HDFC0000001*N215140027528944*YESHWANTH T--	TRANSFER FROM 3199680044308	 	8,500.00	32,989.10
4 Aug 2014	4 Aug 2014	   ATM WDL-ATM 28697 TCS  GR TECH PARK      KA BANGALORE   IN--		1,000.00	 	31,989.10
6 Aug 2014	6 Aug 2014	   TO TRANSFER-INB--	ITA0904322               TRANSFER TO 33116884745  	10,000.00	 	21,989.10
6 Aug 2014	6 Aug 2014	   TO TRANSFER-INB--	ITA0905070               TRANSFER TO 20112694221  	2,400.00	 	19,589.10
6 Aug 2014	6 Aug 2014	   TO TRANSFER-INB NEFT SBIN414218327973 V Janardhana--	NEFT INB: IR44998844                              	17,005.00	 	2,584.10
10 Aug 2014	10 Aug 2014	   ATM WDL-ATM 7025  SBI BEML LAYOUT       BANGALORE    KA IN--		1,000.00	 	1,584.10
11 Aug 2014	11 Aug 2014	   ATM WDL-ATM 7860  ABK KUNDALAHALLI,B'LOREBANGALORE    KAIN--		800.00	 	784.10
11 Aug 2014	11 Aug 2014	   TO TRANSFER-INB MAJESTIC IT SERVICES LTD--	4807444IGY0598647               TRANSFER TO 311627	60.00	 	724.10
13 Aug 2014	13 Aug 2014	   TO TRANSFER-INB CCavenue Bills--	CCABH2AJF917IGY1297237               TRANSFER TO 3	61.00	 	663.10
14 Aug 2014	14 Aug 2014	   ATM WDL-ATM 28685 TCS  GR TECH PARK      KA BANGALORE   IN--		500.00	 	163.10
15 Aug 2014	15 Aug 2014	   TO TRANSFER-INB Idea                      IDEA_RECHARGE Paymen--	MSBI3451163129IGY2020975               TRANSFER TO	60.00	 	103.10
15 Aug 2014	15 Aug 2014	   TO TRANSFER-INB Idea                      IDEA_RECHARGE Paymen--	MSBI3451164836IGY2021846               TRANSFER TO	60.00	 	43.10
28 Aug 2014	28 Aug 2014	   BY TRANSFER-NEFT*CITI0100000*CITIN14463973642*TATA CONSULTANCY--	TRANSFER FROM 3199415044304	 	33,422.00	33,465.10
28 Aug 2014	28 Aug 2014	   ATM WDL-ATM 8954  THUBARAHALLI BEML LAYOBANGALORE    KA IN--		900.00	 	32,565.10
30 Aug 2014	30 Aug 2014	   TO TRANSFER-INB Vodafone                  Vodafone Payments--	MSBI3467343363IGY8728664               TRANSFER TO	286.00	 	32,279.10
30 Aug 2014	30 Aug 2014	   DEBIT SWEEP---	SWEEP TO 34103755839	27,000.00	 	5,279.10
1 Sep 2014	1 Sep 2014	   ATM WDL-ATM 3346  ABK KUNDALAHALLI,B'LOREBANGALORE    KAIN--		900.00	 	4,379.10
2 Sep 2014	2 Sep 2014	   BY TRANSFER-NEFT*HDFC0000001*N244140031449132*PHANINDRA PULAPA--	TRANSFER FROM 3199411044308	 	3,225.00	7,604.10
4 Sep 2014	4 Sep 2014	   ATM WDL-ATM 4291  SBI BEML LAYOUT       BANGALORE    KA IN--		2,000.00	 	5,604.10
5 Sep 2014	5 Sep 2014	   ATM WDL-ATM 9759  THUBARAHALLI BEML LAYOBANGALORE    KA IN--		1,000.00	 	4,604.10
5 Sep 2014	5 Sep 2014	   BY TRANSFER-NEFT*ICIC0SF0002*643151308*VML RAVITEJA KODAT--	TRANSFER FROM 3199414044305	 	6,000.00	10,604.10
5 Sep 2014	5 Sep 2014	   BY TRANSFER-NEFT*KKBK0000958*KKBKH14248837631*DANDAMOODI CHAND--	TRANSFER FROM 3199411044308	 	7,000.00	17,604.10
5 Sep 2014	5 Sep 2014	   TO TRANSFER-INB NEFT SBIN214248317913 V Janardhana--	NEFT INB: IR46671408                              	17,005.00	 	599.10
5 Sep 2014	5 Sep 2014	   TRANSFER CREDIT-INB--	SWEEP FROM 34103755839                            	 	10,000.00	10,599.10
5 Sep 2014	5 Sep 2014	   TO TRANSFER-INB--	ITA3973190               TRANSFER TO 33116884745  	10,000.00	 	599.10
7 Sep 2014	7 Sep 2014	   TRANSFER CREDIT-            1210930907140147FFBX001114053   5528--	SWEEP FROM 34103755839                            	 	1,001.00	1,600.10
7 Sep 2014	7 Sep 2014	   ATM WDL-ATM 5528  SBI BEML LAYOUT       BANGALORE    KA IN--		1,000.00	 	600.10
9 Sep 2014	9 Sep 2014	   TRANSFER CREDIT-INB NEFT SBIN414252718767 WF--	SWEEP FROM 34103755839                            	 	7,012.00	7,612.10
9 Sep 2014	9 Sep 2014	   TO TRANSFER-INB NEFT SBIN414252718767 WF--	NEFT INB: IR46927198                              	7,002.50	 	609.60
9 Sep 2014	9 Sep 2014	   BY TRANSFER-NEFTRR-SBIN414252718767-WF-Account Does Not Exi--	TRANSFER FROM 3199304170425	 	7,000.00	7,609.60
14 Sep 2014	14 Sep 2014	   ATM WDL-ATM 7352  SBI BEML LAYOUT       BANGALORE    KA IN--		500.00	 	7,109.60
14 Sep 2014	14 Sep 2014	   ATM WDL-ATM 7583  SBI BEML LAYOUT       BANGALORE    KA IN--		1,000.00	 	6,109.60
15 Sep 2014	15 Sep 2014	   ATM WDL-ATM 7605  SBI BEML LAYOUT       BANGALORE    KA IN--		500.00	 	5,609.60
18 Sep 2014	18 Sep 2014	   TRANSFER CREDIT-INB NEFT SBIN914261166838 WF--	SWEEP FROM 34103755839                            	 	2,007.00	7,616.60
18 Sep 2014	18 Sep 2014	   TO TRANSFER-INB NEFT SBIN914261166838 WF--	NEFT INB: IR47390536                              	7,002.50	 	614.10
20 Sep 2014	20 Sep 2014	   TO TRANSFER-INB Ibibo Web Pvt. Ltd.--	160926791IG000COPK1               TRANSFER TO 3217	543.00	 	71.10
20 Sep 2014	20 Sep 2014	   TRANSFER CREDIT-INB Ibibo Web Pvt. Ltd.--	SWEEP FROM 34103755839                            	 	1,004.00	1,075.10
20 Sep 2014	20 Sep 2014	   TO TRANSFER-INB Ibibo Web Pvt. Ltd.--	160932223IG000CPCT9               TRANSFER TO 3217	377.00	 	698.10
21 Sep 2014	21 Sep 2014	   BY TRANSFER-INB hajji mny--	ITA5483820               TRANSFER FROM 30487129131	 	1,600.00	2,298.10
22 Sep 2014	22 Sep 2014	   POS PRCH-POS 785757 KFC Bangalore G-10D,TeBangalor--		103.00	 	2,195.10
22 Sep 2014	22 Sep 2014	   ATM WDL-ATM 9491  SBI BEML LAYOUT       BANGALORE    KA IN--		1,000.00	 	1,195.10
28 Sep 2014	28 Sep 2014	   ATM WDL-ATM 1406  WHITE FIELD BR         WHITE FIELD  KAIN--		1,000.00	 	195.10
28 Sep 2014	28 Sep 2014	   TO TRANSFER-INB Paytm Mobile Solution Pvt--	588853635IG000XJKF1               TRANSFER TO 3262	100.00	 	95.10
30 Sep 2014	30 Sep 2014	   BY TRANSFER-NEFT*CITI0100000*CITIN14473399025*TATA CONSULTANCY--	TRANSFER FROM 3199420044306	 	30,567.00	30,662.10
1 Oct 2014	1 Oct 2014	   TO TRANSFER-INB Vodafone                  Vodafone Payments--	MSBI3503087546IG00ADIKJ4               TRANSFER TO	705.00	 	29,957.10
2 Oct 2014	2 Oct 2014	   ATM WDL-ATM 65    WHITEFIELD BR          WHITEFIELD BRKAIN--		2,000.00	 	27,957.10
2 Oct 2014	2 Oct 2014	   ATM WDL-ATM 66    WHITEFIELD BR          WHITEFIELD BRKAIN--		500.00	 	27,457.10
3 Oct 2014	3 Oct 2014	   TO TRANSFER-INB Avenues India Pvt. Ltd--	CCABJ1ZZA659IG00AKRLP1               TRANSFER TO 3	100.00	 	27,357.10
4 Oct 2014	4 Oct 2014	   TO TRANSFER-INB Ibibo Web Pvt. Ltd.--	170611987IG00ALBEW2               TRANSFER TO 3217	667.40	 	26,689.70
4 Oct 2014	4 Oct 2014	   TO TRANSFER-INB--	ITA6824566               TRANSFER TO 33116884745  	10,000.00	 	16,689.70
5 Oct 2014	5 Oct 2014	   TO TRANSFER-INB Life Insurance Corporatio LIC_Ref--	ASBI3507466791IG00AOKKS0               TRANSFER TO	2,936.00	 	13,753.70
7 Oct 2014	7 Oct 2014	   BY TRANSFER-NEFT*HDFC0000001*N277140035984809*YESHWANTH T--	TRANSFER FROM 3199680044308	 	3,400.00	17,153.70
7 Oct 2014	7 Oct 2014	   BY TRANSFER-NEFT*HDFC0000001*N278140036025817*N SWARNATA--	TRANSFER FROM 3199420044306	 	3,000.00	20,153.70
8 Oct 2014	8 Oct 2014	   TO TRANSFER-INB NEFT SBIN414281075654 V Janardhana--	NEFT INB: IR48505960                              	17,005.00	 	3,148.70
8 Oct 2014	8 Oct 2014	   BY TRANSFER-NEFT*HDFC0000001*N280140036487929*PHANINDRA PULAPA--	TRANSFER FROM 3199416044303	 	3,401.00	6,549.70
9 Oct 2014	9 Oct 2014	   ATM WDL-ATM 4198  SBI BEML LAYOUT       BANGALORE    KA IN--		1,000.00	 	5,549.70
10 Oct 2014	10 Oct 2014	   BY TRANSFER-NEFT*HDFC0000001*N282140036928048*PHANINDRA PULAPA--	TRANSFER FROM 3199415044304	 	2,000.00	7,549.70
12 Oct 2014	12 Oct 2014	   ATM WDL-ATM 490   THUBARAHALLI BEML LAYOBANGALORE    KA IN--		1,000.00	 	6,549.70
13 Oct 2014	13 Oct 2014	   BY TRANSFER-NEFT*ICIC0SF0002*661409802*VML RAVITEJA KODAT--	TRANSFER FROM 3199419044300	 	1,400.00	7,949.70
14 Oct 2014	14 Oct 2014	   ATM WDL-ATM 6406  SBI BEML LAYOUT       BANGALORE    KA IN--		500.00	 	7,449.70
