Account Name       :                	Mr. MOOLE MADHAN MOHAN REDDY
Address            :	NO 526 STATE BANK OF INDIA
                                    	THUABRAHALLI BR
                                    	BANGALORE-560066
                                    	Bangalore
Date               :                	15 May 2017
Account Number     :	_00000020112694210
Account Description:	SBCHQ-CSA-PUBIND-CSSILVER-INR
Branch             :	THUBARAHALLI BRANCH
Drawing Power      :	0.00
Interest Rate(% p.a.):	4.0
MOD Balance      :	0.00
CIF No.          :	_86153868825
IFS Code         :	SBIN0017042
MICR Code        :	_560002224
Nomination Registered    :	Yes 
Balance on 1 Jan 2016        :	2,500.26
Start Date          :	1 Jan 2016
End Date            :	30 Jun 2016
Txn Date	Value Date	Description	Ref No./Cheque No.	        Debit	Credit	Balance	
1 Jan 2016	1 Jan 2016	   BY TRANSFER-NEFT*HDFC0000001*N001160118295546*MOOLE MADHAN MOH--	TRANSFER FROM 3199410044308	 	10,000.00	12,500.26
1 Jan 2016	1 Jan 2016	   TO TRANSFER-INB Bro--	ITG0353841               TRANSFER TO 31794520117  	10,000.00	 	2,500.26
2 Jan 2016	2 Jan 2016	   CSH DEP (CDM)-CARDLESS DEPOSITBY 7207507172 TO 7207507172--		 	6,500.00	9,000.26
2 Jan 2016	2 Jan 2016	************************---38976288	38976288	25.00	 	8,975.26
5 Jan 2016	5 Jan 2016	   BY TRANSFER-NEFT*HDFC0000001*N005160119634054*MOOLE MADHAN MOH--	TRANSFER FROM 3199421044306	 	10,000.00	18,975.26
7 Jan 2016	7 Jan 2016	   TO TRANSFER-INB NEFT SBIN116007218113 Raviteja--	NEFT INB: IR82081258                              	11,350.00	 	7,625.26
7 Jan 2016	7 Jan 2016	   BY TRANSFER-INB -FT issued for cr bal For 59744468--	8100886CT69459621               TRANSFER FROM 3023	 	16,397.89	24,023.15
8 Jan 2016	8 Jan 2016	   TO TRANSFER-INB NEFT SBIN116008233054 Raviteja--	NEFT INB: IR82081832                              	6,500.00	 	17,523.15
10 Jan 2016	10 Jan 2016	   TO TRANSFER-INB NEFT SBIN316010836880 Raviteja--	NEFT INB: IR82228235                              	10,900.00	 	6,623.15
10 Jan 2016	10 Jan 2016	   ATM WDL-ATM CASH 3815  +THUBARAHALLI BEML LAYBANGALORE--		1,000.00	 	5,623.15
11 Jan 2016	11 Jan 2016	   BY TRANSFER-INB friend--	ITG1769821               TRANSFER FROM 30487129131	 	30,000.00	35,623.15
11 Jan 2016	11 Jan 2016	   TO TRANSFER-INB SBICARD FOR BILLDESK      SBICARD Payments--	ESBI4227309216IG0BHDTVP2               TRANSFER TO	16,210.00	 	19,413.15
12 Jan 2016	12 Jan 2016	   TO TRANSFER-INB NEFT SBIN516012216170 WF--	NEFT INB: IR82384446                              	2,000.00	 	17,413.15
13 Jan 2016	13 Jan 2016	   TO TRANSFER-INB IMPS/P2A/601310950218/XXXXXXX434HDFC--	IMPS00005109706MO02458173               TRANSFER T	15,000.00	 	2,413.15
22 Jan 2016	22 Jan 2016	   TO TRANSFER-INB NEFT SBIN616022535754 WF--	NEFT INB: IR83178158                              	1,500.00	 	913.15
23 Jan 2016	23 Jan 2016	   ATM WDL-ATM CASH 50445 +CORP HAL IISTAGE BLR  BANGALORE--		500.00	 	413.15
23 Jan 2016	23 Jan 2016	   ATM WDL-ATM CASH 50445 +CORP HAL II STAGE     BANGALORE--		200.00	 	213.15
5 Feb 2016	5 Feb 2016	   BY TRANSFER-NEFT*HDFC0000001*N036160127277234*MOOLE MADHAN MOH--	TRANSFER FROM 3199424044303	 	10,000.00	10,213.15
6 Feb 2016	6 Feb 2016	   TO TRANSFER-INB Bro--	ITG5139829               TRANSFER TO 31794520117  	7,000.00	 	3,213.15
16 Feb 2016	16 Feb 2016	   CSH DEP (CDM)-CARDLESS DEPOSITBY 7207507172 TO 7207507172--		 	5,500.00	8,713.15
16 Feb 2016	16 Feb 2016	************************---38976288	38976288	25.00	 	8,688.15
16 Feb 2016	16 Feb 2016	   CSH DEP (CDM)-CARDLESS DEPOSITBY 7207507172 TO 7207507172--		 	1,000.00	9,688.15
16 Feb 2016	16 Feb 2016	************************---38976288	38976288	25.00	 	9,663.15
17 Feb 2016	17 Feb 2016	   ATM WDL-ATM CASH 1420  +KODIHALLI WEST 15TH MABANGALORE--		500.00	 	9,163.15
17 Feb 2016	17 Feb 2016	   REVERSE ATM WDL---		 	500.00	9,663.15
17 Feb 2016	17 Feb 2016	   ATM WDL-ATM CASH 60480 +    Indra Nagar       Bangalore--		500.00	 	9,163.15
17 Feb 2016	17 Feb 2016	   BY TRANSFER-INB -FT issued for cr bal For 59744468--	8149106CT71415448               TRANSFER FROM 3023	 	7,622.61	16,785.76
18 Feb 2016	18 Feb 2016	   TO TRANSFER-INB NEFT SBIN116049008799 WF--	NEFT INB: IR85618218                              	7,000.00	 	9,785.76
19 Feb 2016	19 Feb 2016	   TO TRANSFER-INB NEFT SBIN116050780134 Raviteja--	NEFT INB: IR85695268                              	7,800.00	 	1,985.76
22 Feb 2016	22 Feb 2016	   TO TRANSFER-INB Bro--	ITG7111106               TRANSFER TO 31794520117  	500.00	 	1,485.76
22 Feb 2016	22 Feb 2016	   ATM WDL-ATM CASH 7933  +SBT  KORAMANGALA     BANGALURU--		400.00	 	1,085.76
27 Feb 2016	27 Feb 2016	   ATM WDL-ATM CASH 50445 +CORP HAL IISTAGE BLR  BANGALORE--		700.00	 	385.76
29 Feb 2016	29 Feb 2016	   BY TRANSFER-NEFT*HDFC0000001*N060160132590889*MOOLE MADHAN MOH--	TRANSFER FROM 3199420044306	 	10,000.00	10,385.76
29 Feb 2016	29 Feb 2016	   TO TRANSFER-INB Bro--	ITG7989566               TRANSFER TO 31794520117  	3,000.00	 	7,385.76
3 Mar 2016	3 Mar 2016	   TO TRANSFER-INB Bro--	ITG8540814               TRANSFER TO 31794520117  	1,000.00	 	6,385.76
7 Mar 2016	7 Mar 2016	   BY TRANSFER-NEFT*HDFC0000001*N066160135166735*MOOLE MADHAN MOH--	TRANSFER FROM 3199680044308	 	30,000.00	36,385.76
10 Mar 2016	10 Mar 2016	   TO TRANSFER-INB Bro--	ITG9639225               TRANSFER TO 31794520117  	1,500.00	 	34,885.76
14 Mar 2016	14 Mar 2016	   TO TRANSFER-INB chari--	ITH0124149               TRANSFER TO 20112694221  	30,000.00	 	4,885.76
14 Mar 2016	14 Mar 2016	   TO TRANSFER-INB SBICARD FOR BILLDESK      SBICARD Payments--	FSBI4355222266IG0BQQCOZ5               TRANSFER TO	4,550.00	 	335.76
19 Mar 2016	19 Mar 2016	   BY TRANSFER-NEFT*HDFC0000001*N079160138475183*MOOLE MADHAN MOH--	TRANSFER FROM 3199676044305	 	1,00,000.00	1,00,335.76
24 Mar 2016	24 Mar 2016	   TO TRANSFER-INB Bro--	ITH1270532               TRANSFER TO 31794520117  	1,000.00	 	99,335.76
30 Mar 2016	30 Mar 2016	   DEBIT SWEEP---	SWEEP TO 35665302199	74,000.00	 	25,335.76
9 Apr 2016	9 Apr 2016	   TO TRANSFER-INB Bro--	ITH3472666               TRANSFER TO 31794520117  	3,000.00	 	22,335.76
12 Apr 2016	12 Apr 2016	   BY TRANSFER-NEFT*HDFC0000001*N102160144809465*MOOLE MADHAN MOH--	TRANSFER FROM 3199422044305	 	4,000.00	26,335.76
6 May 2016	6 May 2016	   ATM WDL-ATM CASH 6919  +SBT  KORAMANGALA     BANGALURU--		10,000.00	 	16,335.76
6 May 2016	6 May 2016	   ATM WDL-ATM CASH 6920  +SBT  KORAMANGALA     BANGALURU--		3,000.00	 	13,335.76
10 May 2016	10 May 2016	   BY TRANSFER-NEFT*HDFC0000001*N130160152173585*MOOLE MADHAN MOH--	TRANSFER FROM 3199678044303	 	13,000.00	26,335.76
27 May 2016	27 May 2016	   BY TRANSFER-NEFT*KKBK0000958*KKBKH16148795959*DANDAMOODI  CHAN--	TRANSFER FROM 3199419044300	 	2,500.00	28,835.76
30 May 2016	30 May 2016	   TO TRANSFER-INB Bro--	ITH9795181               TRANSFER TO 31794520117  	2,000.00	 	26,835.76
4 Jun 2016	4 Jun 2016	   TRANSFER CREDIT-SWEEP FROM 00000033116884745--	SWEEP FROM 35665302199                            	 	4,047.00	30,882.76
4 Jun 2016	4 Jun 2016	   TO TRANSFER-INB LIC--	ITI0744882               TRANSFER TO 33116884745  	30,000.00	 	882.76
6 Jun 2016	6 Jun 2016	   TRANSFER CREDIT---	SWEEP FROM 35665302199                            	 	13,157.00	14,039.76
6 Jun 2016	6 Jun 2016	   ATM WDL-ATM CASH 5655  +SBI  2ND ATM INDIRANABANGALORE--		13,000.00	 	1,039.76
10 Jun 2016	10 Jun 2016	   BY TRANSFER-NEFT*HDFC0000001*N162160160656504*MOOLE MADHAN MOH--	TRANSFER FROM 3199413044306	 	30,000.00	31,039.76
10 Jun 2016	10 Jun 2016	   BY TRANSFER-NEFT*HDFC0000001*N162160160649830*MOOLE MADHAN MOH--	TRANSFER FROM 3199410044308	 	13,000.00	44,039.76
13 Jun 2016	13 Jun 2016	   BY TRANSFER-NEFT*KKBK0000958*KKBKH16165819649*DANDAMOODI  CHAN--	TRANSFER FROM 3199421044306	 	850.00	44,889.76
13 Jun 2016	13 Jun 2016	   BY TRANSFER-NEFT*ICIC0SF0002*986230259*VML RAVITEJA KODAT--	TRANSFER FROM 3199419044300	 	507.00	45,396.76
16 Jun 2016	16 Jun 2016	   ATM WDL-ATM CASH 50445 +CORP HAL II STAGE     BANGALORE--		2,000.00	 	43,396.76
20 Jun 2016	20 Jun 2016	   ATM WDL-ATM CASH 1301  +SBI BEML LAYOUT      BANGALORE--		2,000.00	 	41,396.76
22 Jun 2016	22 Jun 2016	   TO TRANSFER-INB Bro--	ITI3042298               TRANSFER TO 31794520117  	3,000.00	 	38,396.76
25 Jun 2016	25 Jun 2016	   CREDIT INTEREST---		 	445.00	38,841.76
30 Jun 2016	30 Jun 2016	   DEBIT SWEEP---	SWEEP TO 35880978497	13,000.00	 	25,841.76

**This is a computer generated statement and does not require a signature