Account Name       :                	Mr. MOOLE MADHAN MOHAN REDDY
Address            :	NO 526 STATE BANK OF INDIA
                                    	THUABRAHALLI BR
                                    	BANGALORE-560066
                                    	Bangalore
Date               :                	15 May 2017
Account Number     :	_00000020112694210
Account Description:	SBCHQ-CSA-PUBIND-CSSILVER-INR
Branch             :	THUBARAHALLI BRANCH
Drawing Power      :	0.00
Interest Rate(% p.a.):	4.0
MOD Balance      :	0.00
CIF No.          :	_86153868825
IFS Code         :	SBIN0017042
MICR Code        :	_560002224
Nomination Registered    :	Yes 
Balance on 1 Jan 2015        :	31,988.30
Start Date          :	1 Jan 2015
End Date            :	30 Jun 2015
Txn Date	Value Date	Description	Ref No./Cheque No.	        Debit	Credit	Balance	
1 Jan 2015	1 Jan 2015	   ATM WDL-ATM 5936  +TCS  GR TECH PARK     BANGALORE    KAIN--		3,000.00	 	28,988.30
2 Jan 2015	2 Jan 2015	   BY TRANSFER-NEFT*HDFC0000001*N001150048817806*YESHWANTH T--	TRANSFER FROM 3199414044305	 	3,400.00	32,388.30
2 Jan 2015	2 Jan 2015	   TO TRANSFER-INB Avenues India Pvt. Ltd--	CCACA2HIJ932IG00JZPCT5               TRANSFER TO 3	750.00	 	31,638.30
3 Jan 2015	3 Jan 2015	   TO TRANSFER-INB--	ITB6741128               TRANSFER TO 33116884745  	10,000.00	 	21,638.30
3 Jan 2015	3 Jan 2015	   BY TRANSFER-NEFT*HDFC0000001*N003150049160801*PHANINDRA PULAPA--	TRANSFER FROM 3199417044302	 	6,000.00	27,638.30
3 Jan 2015	3 Jan 2015	   BY TRANSFER-NEFT*HDFC0000001*N003150049153712*PHANINDRA PULAPA--	TRANSFER FROM 3199416044303	 	2,000.00	29,638.30
3 Jan 2015	3 Jan 2015	   TO TRANSFER-INB ICICI Bank Credit card    ICICI_CC Payments--	BSBI3616792515IG00KBDYG5               TRANSFER TO	2,861.00	 	26,777.30
4 Jan 2015	4 Jan 2015	   TO TRANSFER-INB Vodafone                  VODAFONE Payments--	BSBI3617447984IG00KCOSP1               TRANSFER TO	30.00	 	26,747.30
5 Jan 2015	5 Jan 2015	   TO TRANSFER-INB Vodafone                  VODAFONE Payments--	BSBI3618468864IG00KFCJZ1               TRANSFER TO	50.00	 	26,697.30
5 Jan 2015	5 Jan 2015	   BY TRANSFER-NEFT*KKBK0000958*KKBKH15005849635*DANDAMOODI CHAND--	TRANSFER FROM 3199410044308	 	9,000.00	35,697.30
5 Jan 2015	5 Jan 2015	   TO TRANSFER-INB NEFT SBIN215005610457 WF--	NEFT INB: IR54006635                              	10,002.50	 	25,694.80
5 Jan 2015	5 Jan 2015	   TO TRANSFER-INB NEFT SBIN215005689913 WF--	NEFT INB: IR54015721                              	15,005.00	 	10,689.80
6 Jan 2015	6 Jan 2015	   ATM WDL-ATM 6457  +TCS  GR TECH PARK     BANGALORE    KAIN--		700.00	 	9,989.80
6 Jan 2015	6 Jan 2015	   BY TRANSFER-INB Cash Back - State Bank Anywhere IR54006635---	IR54006635IX66328321               TRANSFER FROM 3	 	10.00	9,999.80
6 Jan 2015	6 Jan 2015	   BY TRANSFER-INB Cash Back - State Bank Anywhere IR54015721---	IR54015721IX66326228               TRANSFER FROM 3	 	10.00	10,009.80
8 Jan 2015	8 Jan 2015	   BY TRANSFER-NEFT*HDFC0000001*N008150050196577*N SWARNATA--	TRANSFER FROM 3199675044306	 	20,365.00	30,374.80
8 Jan 2015	8 Jan 2015	   TO TRANSFER-INB HDFC Bank Credit Card     HDFC Bank--	BSBI3624257492IG00KQWFS0               TRANSFER TO	20,365.00	 	10,009.80
9 Jan 2015	9 Jan 2015	   BY TRANSFER-INB--	ITB7679967               TRANSFER FROM 30487129131	 	5,000.00	15,009.80
9 Jan 2015	9 Jan 2015	   BY TRANSFER-IMPS18/500916002838/XXXXXXX626--	TRANSFER FROM 3197896044308	 	500.00	15,509.80
9 Jan 2015	9 Jan 2015	   BY TRANSFER-NEFT*HDFC0000001*N009150050513749*N SWARNATA--	TRANSFER FROM 3199417044302	 	1,550.00	17,059.80
9 Jan 2015	9 Jan 2015	   TO TRANSFER-INB NEFT SBIN615009145915 V Janardhana--	NEFT INB: IR54410140                              	17,005.00	 	54.80
14 Jan 2015	14 Jan 2015	   BY TRANSFER-IMPS18/501408147467/XXXXXXX763--	TRANSFER FROM 3197896044308	 	5,000.00	5,054.80
14 Jan 2015	14 Jan 2015	   TO TRANSFER-INB Paytm Mobile Solution Pvt--	842026027IG00LHWTY6               TRANSFER TO 3262	50.00	 	5,004.80
15 Jan 2015	15 Jan 2015	   BY TRANSFER-NEFT*HDFC0000001*N014150051135559*N SWARNATA--	TRANSFER FROM 3199413044306	 	5,000.00	10,004.80
15 Jan 2015	15 Jan 2015	   TO TRANSFER-INB Return--	ITB8302142               TRANSFER TO 20112694221  	5,000.00	 	5,004.80
16 Jan 2015	16 Jan 2015	   BY TRANSFER-INB Cash Back - State Bank Anywhere ITB8302142---	ITB8302142IX67697670               TRANSFER FROM 3	 	10.00	5,014.80
19 Jan 2015	19 Jan 2015	   BY TRANSFER-NEFT*SCBL0036001*SIN00892Q3061549*TATA CONSULTANCY--	TRANSFER FROM 3199676044305	 	11,000.00	16,014.80
20 Jan 2015	20 Jan 2015	   TO TRANSFER-INB NEFT SBIN215020658026 WF--	NEFT INB: IR54993708                              	1,002.50	 	15,012.30
21 Jan 2015	21 Jan 2015	   TO TRANSFER-INB Avenues India Pvt. Ltd--	CCACA1IYS557IG00MBQQX2               TRANSFER TO 3	153.00	 	14,859.30
22 Jan 2015	22 Jan 2015	   TO TRANSFER-INB NEFT SBIN415022474186 WF--	NEFT INB: IR55131265                              	4,292.50	 	10,566.80
22 Jan 2015	22 Jan 2015	   TO TRANSFER-INB RELIANCE COMMUNICATIONS   REL_CDMA Payments--	BSBI3641687890IG00MEHXD3               TRANSFER TO	797.00	 	9,769.80
25 Jan 2015	25 Jan 2015	   ATM WDL-ATM 4330  +SBI BEML LAYOUT      BANGALORE    KA IN--		2,000.00	 	7,769.80
26 Jan 2015	26 Jan 2015	   by debit card-POS 012600007952 SREE TIRUMALA SUPER SE BANGALO--		500.00	 	7,269.80
27 Jan 2015	27 Jan 2015	   ATM WDL-ATM 8344  +TCS  GR TECH PARK     BANGALORE    KAIN--		700.00	 	6,569.80
27 Jan 2015	27 Jan 2015	   TO TRANSFER-INB NEFT SBIN615027974464 WF--	NEFT INB: IR55345578                              	5,002.50	 	1,567.30
28 Jan 2015	28 Jan 2015	   BY TRANSFER-INB Cash Back - State Bank Anywhere IR55345578---	IR55345578IX69240600               TRANSFER FROM 3	 	10.00	1,577.30
28 Jan 2015	28 Jan 2015	   DEBIT-DOM surcharge / tips dtd 260115--		14.05	 	1,563.25
30 Jan 2015	30 Jan 2015	   BY TRANSFER-NEFT*CITI0100000*CITIN15508501517*TATA CONSULTANCY--	TRANSFER FROM 3199419044300	 	30,567.00	32,130.25
31 Jan 2015	31 Jan 2015	   TO TRANSFER-INB Vodafone                  Vodafone Payments--	BSBI3652375718IG00NTXPH6               TRANSFER TO	730.57	 	31,399.68
31 Jan 2015	31 Jan 2015	   BY TRANSFER-IMPS18/503112220299/XXXXXXX773--	TRANSFER FROM 3197896044308	 	3,400.00	34,799.68
31 Jan 2015	31 Jan 2015	   BY TRANSFER-NEFT*HDFC0000001*N031150052872983*PHANINDRA PULAPA--	TRANSFER FROM 3199411044308	 	3,400.00	38,199.68
31 Jan 2015	31 Jan 2015	   TO TRANSFER-INB ICICI Bank Credit card    ICICI_CC Payments--	BSBI3653280704IG00NWBUH8               TRANSFER TO	18,519.36	 	19,680.32
31 Jan 2015	31 Jan 2015	   TO TRANSFER-INB Home--	ITB9922973               TRANSFER TO 33116884745  	10,000.00	 	9,680.32
1 Feb 2015	1 Feb 2015	   BY TRANSFER-INB Cash Back - State Bank Anywhere ITB9922973---	ITB9922973IX69871329               TRANSFER FROM 3	 	10.00	9,690.32
2 Feb 2015	2 Feb 2015	   BY TRANSFER-NEFT*HDFC0000001*N033150053052937*YESHWANTH T--	TRANSFER FROM 3199681044308	 	3,400.00	13,090.32
3 Feb 2015	3 Feb 2015	   ATM WDL-ATM 6889  +SBI BEML LAYOUT      BANGALORE    KA IN--		3,000.00	 	10,090.32
3 Feb 2015	3 Feb 2015	   BY TRANSFER-NEFT*KKBK0000958*KKBKH15034756129*DANDAMOODI  CHAN--	TRANSFER FROM 3199680044308	 	3,400.00	13,490.32
5 Feb 2015	5 Feb 2015	   ATM WDL-ATM 9488  +TCS  GR TECH PARK     BANGALORE    KAIN--		700.00	 	12,790.32
9 Feb 2015	9 Feb 2015	   BY TRANSFER-NEFT*KKBK0000958*KKBKH15040648578*DANDAMOODI  CHAN--	TRANSFER FROM 3199421044306	 	3,000.00	15,790.32
9 Feb 2015	9 Feb 2015	   BY TRANSFER-NEFT*HDFC0000001*N040150054446439*N SWARNATA--	TRANSFER FROM 3199423044304	 	2,400.00	18,190.32
9 Feb 2015	9 Feb 2015	   TO TRANSFER-INB NEFT SBIN215040000425 V Janardhana--	NEFT INB: IR56432559                              	17,005.00	 	1,185.32
10 Feb 2015	10 Feb 2015	   BY TRANSFER-INB Cash Back - State Bank Anywhere IR56432559---	IR56432559IX71278331               TRANSFER FROM 3	 	10.00	1,195.32
11 Feb 2015	11 Feb 2015	   ATM WDL-ATM 9866  +SBI BEML LAYOUT      BANGALORE    KA IN--		500.00	 	695.32
16 Feb 2015	16 Feb 2015	   ATM WDL-ATM 1358  +SBI BEML LAYOUT      BANGALORE    KA IN--		400.00	 	295.32
19 Feb 2015	19 Feb 2015	   BY TRANSFER-NEFT*KKBK0000958*KKBKH15050633766*DANDAMOODI  CHAN--	TRANSFER FROM 3199682044307	 	370.00	665.32
19 Feb 2015	19 Feb 2015	   ATM WDL-ATM 939   +TCS  GR TECH PARK     BANGALORE    KAIN--		400.00	 	265.32
21 Feb 2015	21 Feb 2015	   BY TRANSFER-IMPS18/505213325223/XXXXXXX202--	TRANSFER FROM 3197896044308	 	1,000.00	1,265.32
21 Feb 2015	21 Feb 2015	   TO TRANSFER-INB GRPT SBI2102159769620 Mahesh VJA--	GRPT INB: IZ09537098                              	1,002.50	 	262.82
22 Feb 2015	22 Feb 2015	   BY TRANSFER-IMPS18/505315341630/XXXXXXX202--	TRANSFER FROM 3197896044308	 	500.00	762.82
22 Feb 2015	22 Feb 2015	   ATM WDL-ATM 3924  +WHITE FIELD BR        BANGALORE    KAIN--		400.00	 	362.82
27 Feb 2015	27 Feb 2015	   BY TRANSFER-NEFT*CITI0100000*CITIN15517554393*TATA CONSULTANCY--	TRANSFER FROM 3199675044306	 	25,757.00	26,119.82
27 Feb 2015	27 Feb 2015	   BY TRANSFER-NEFT*KKBK0000958*KKBKH15058829429*DANDAMOODI  CHAN--	TRANSFER FROM 3199423044304	 	3,900.00	30,019.82
28 Feb 2015	28 Feb 2015	   BY TRANSFER-NEFT*HDFC0000001*N058150057028266*N SWARNATA--	TRANSFER FROM 3199416044303	 	7,500.00	37,519.82
28 Feb 2015	28 Feb 2015	   TO TRANSFER-INB Bike--	ITC3201816               TRANSFER TO 20112694221  	7,500.00	 	30,019.82
28 Feb 2015	28 Feb 2015	   BY TRANSFER-NEFT*HDFC0000001*N059150057182037*PHANINDRA PULAPA--	TRANSFER FROM 3199413044306	 	3,400.00	33,419.82
28 Feb 2015	28 Feb 2015	   BY TRANSFER-NEFT*ICIC0SF0002*728845318*VML RAVITEJA KODAT--	TRANSFER FROM 3199682044307	 	3,400.00	36,819.82
28 Feb 2015	28 Feb 2015	   TO TRANSFER-INB chari--	ITC3237968               TRANSFER TO 20112694221  	15,000.00	 	21,819.82
1 Mar 2015	1 Mar 2015	   BY TRANSFER-INB Cash Back - State Bank Anywhere ITC3237968---	ITC3237968IX73575543               TRANSFER FROM 3	 	10.00	21,829.82
1 Mar 2015	1 Mar 2015	   BY TRANSFER-INB Cash Back - State Bank Anywhere ITC3201816---	ITC3201816IX73580177               TRANSFER FROM 3	 	10.00	21,839.82
2 Mar 2015	2 Mar 2015	   TO TRANSFER-INB Vodafone                  Vodafone Payments--	BSBI3689197719IG00RDZHS7               TRANSFER TO	566.75	 	21,273.07
2 Mar 2015	2 Mar 2015	   BY TRANSFER-NEFT*HDFC0000001*N061150057451333*YESHWANTH T--	TRANSFER FROM 3199420044306	 	3,400.00	24,673.07
2 Mar 2015	2 Mar 2015	   ATM WDL-ATM 333   +THUBARAHALLI BEML LAYBANGALORE    KA IN--		700.00	 	23,973.07
4 Mar 2015	4 Mar 2015	   TO TRANSFER-INB--	ITC3871351               TRANSFER TO 33116884745  	10,000.00	 	13,973.07
4 Mar 2015	4 Mar 2015	   TO TRANSFER-INB ICICI Bank Credit card    ICICI_CC Payments--	BSBI3692154940IG00RKZYT8               TRANSFER TO	5,178.95	 	8,794.12
4 Mar 2015	4 Mar 2015	   TO TRANSFER-INB NEFT SBIN715063434871 WF--	NEFT INB: IR58050135                              	8,002.50	 	791.62
4 Mar 2015	4 Mar 2015	   BY TRANSFER-NEFT*HDFC0000001*N063150058381494*N SWARNATA--	TRANSFER FROM 3199417044302	 	8,000.00	8,791.62
4 Mar 2015	4 Mar 2015	   ATM WDL-ATM 6656  +SBI BEML LAYOUT      BANGALORE    KA IN--		500.00	 	8,291.62
5 Mar 2015	5 Mar 2015	   BY TRANSFER-INB Cash Back - State Bank Anywhere IR58050135---	IR58050135IX74154117               TRANSFER FROM 3	 	10.00	8,301.62
5 Mar 2015	5 Mar 2015	   BY TRANSFER-INB to madhan--	ITC4108501               TRANSFER FROM 30487129131	 	16,000.00	24,301.62
6 Mar 2015	6 Mar 2015	   BY TRANSFER-NEFT*ICIC0SF0002*732662091*VML RAVITEJA KODAT--	TRANSFER FROM 3199679044302	 	3,500.00	27,801.62
6 Mar 2015	6 Mar 2015	   TO TRANSFER-INB NEFT SBIN915065186069 V Janardhana--	NEFT INB: IR58185018                              	17,005.00	 	10,796.62
6 Mar 2015	6 Mar 2015	   ATM WDL-ATM 7330  +SBI BEML LAYOUT      BANGALORE    KA IN--		4,000.00	 	6,796.62
17 Mar 2015	17 Mar 2015	   TO TRANSFER-INB NEFT SBIN115076676568 Raviteja--	NEFT INB: IR58987356                              	3,002.50	 	3,794.12
25 Mar 2015	25 Mar 2015	   ATM WDL-ATM 4093  +TCS  GR TECH PARK     BANGALORE    KAIN--		700.00	 	3,094.12
31 Mar 2015	31 Mar 2015	   BY TRANSFER-NEFT*CITI0100000*CITIN15528268790*TATA CONSULTANCY--	TRANSFER FROM 3199683044306	 	32,868.00	35,962.12
31 Mar 2015	31 Mar 2015	   BY TRANSFER-NEFT*HDFC0000001*N090150062478415*PHANINDRA PULAPA--	TRANSFER FROM 3199418044301	 	3,400.00	39,362.12
31 Mar 2015	31 Mar 2015	   BY TRANSFER-NEFT*KKBK0000958*KKBKH15090619240*DANDAMOODI  CHAN--	TRANSFER FROM 3199419044300	 	3,400.00	42,762.12
31 Mar 2015	31 Mar 2015	   ATM WDL-ATM 4704  +TCS  GR TECH PARK     BANGALORE    KAIN--		700.00	 	42,062.12
2 Apr 2015	2 Apr 2015	   BY TRANSFER-NEFT*HDFC0000001*N092150062901576*YESHWANTH T--	TRANSFER FROM 3199413044306	 	5,900.00	47,962.12
4 Apr 2015	4 Apr 2015	   ATM WDL-ATM 6763  +SBI BEML LAYOUT      BANGALORE    KA IN--		2,000.00	 	45,962.12
5 Apr 2015	5 Apr 2015	   TO TRANSFER-INB just like dat--	ITC7534828               TRANSFER TO 33116884745  	10,000.00	 	35,962.12
5 Apr 2015	5 Apr 2015	   TO TRANSFER-INB GRPT SBI0504150983437 V Janardhana--	GRPT INB: IZ09968912                              	17,005.00	 	18,957.12
5 Apr 2015	5 Apr 2015	   TO TRANSFER-INB ICICI Bank Credit card    ICICI_CC Payments--	CSBI3732092178IG00VGXHQ0               TRANSFER TO	15,942.00	 	3,015.12
5 Apr 2015	5 Apr 2015	   ATM WDL-ATM 5436  VARTHUR ROAD MARTHAHALLBANGALORE    KAIN--		500.00	 	2,515.12
7 Apr 2015	7 Apr 2015	   BY TRANSFER-NEFT*HDFC0000001*N097150064097471*N SWARNATA--	TRANSFER FROM 3199416044303	 	40,000.00	42,515.12
7 Apr 2015	7 Apr 2015	   ATM WDL-ATM 5796  +TCS  GR TECH PARK     BANGALORE    KAIN--		500.00	 	42,015.12
8 Apr 2015	8 Apr 2015	   TO TRANSFER-INB checking--	ITC8068649               TRANSFER TO 20098373537  	10.00	 	42,005.12
8 Apr 2015	8 Apr 2015	   TO TRANSFER-INB Forty--	ITC8124156               TRANSFER TO 20098373537  	40,000.00	 	2,005.12
9 Apr 2015	9 Apr 2015	   BY TRANSFER-NEFT*HDFC0000001*N099150064496388*N SWARNATA--	TRANSFER FROM 3199418044301	 	23,000.00	25,005.12
9 Apr 2015	9 Apr 2015	   CASH DEPOSIT-CASH DEPOSIT SELF--		 	19,000.00	44,005.12
9 Apr 2015	9 Apr 2015	   TO TRANSFER-INB Eye surgery Bill--	ITC8171245               TRANSFER TO 20098373537  	40,800.00	 	3,205.12
10 Apr 2015	10 Apr 2015	   TO TRANSFER-INB SBICARD FOR BILLDESK      SBICARD Payments--	CSBI3739980537IG00VYYVF5               TRANSFER TO	2,095.00	 	1,110.12
11 Apr 2015	11 Apr 2015	   ATM WDL-ATM 51012 +KBL MARATHALLI        BANGALORE    KAIN--		800.00	 	310.12
11 Apr 2015	11 Apr 2015	   BY TRANSFER-IMPS18/510117124448/XXXXXXX202--	TRANSFER FROM 3197896044308	 	2,000.00	2,310.12
11 Apr 2015	11 Apr 2015	   ATM WDL-ATM 9102  +SBI BEML LAYOUT      BANGALORE    KA IN--		900.00	 	1,410.12
15 Apr 2015	15 Apr 2015	   ATM WDL-ATM 325   +SBI BEML LAYOUT      BANGALORE    KA IN--		400.00	 	1,010.12
17 Apr 2015	17 Apr 2015	   BY TRANSFER-INB Refund of IG00MBQQX2---	CCACA1IYS5571IX79624251               TRANSFER FRO	 	153.00	1,163.12
18 Apr 2015	18 Apr 2015	   BY TRANSFER-IMPS18/510808159759/XXXXXXX202--	TRANSFER FROM 3197896044308	 	10,000.00	11,163.12
21 Apr 2015	21 Apr 2015	   TO TRANSFER-IMPS17/511113171473/81610003434--	TRANSFER TO 3197894044300	10,000.00	 	1,163.12
22 Apr 2015	22 Apr 2015	   TO TRANSFER-INB Commission of IMPS00001588339---	IMPS00001588339IX80165870               TRANSFER T	5.62	 	1,157.50
25 Apr 2015	25 Apr 2015	   ATM WDL-ATM 3047  +SBI BEML LAYOUT      BANGALORE    KA IN--		400.00	 	757.50
28 Apr 2015	28 Apr 2015	   ATM WDL-ATM 4097  +SBI BEML LAYOUT      BANGALORE    KA IN--		500.00	 	257.50
30 Apr 2015	30 Apr 2015	   BY TRANSFER-NEFT*CITI0100000*CITIN15537853564*TATA CONSULTANCY--	TRANSFER FROM 3199419044300	 	26,465.00	26,722.50
30 Apr 2015	30 Apr 2015	   TO TRANSFER-INB IRCTC-RAILWAY TICKET BOOK Railway Ticket Booki--	100000222037794IG00YJBXK6               TRANSFER T	1,522.47	 	25,200.03
30 Apr 2015	30 Apr 2015	   TO TRANSFER-INB IRCTC-RAILWAY TICKET BOOK Railway Ticket Booki--	100000222299084IG00YJEOT2               TRANSFER T	257.47	 	24,942.56
30 Apr 2015	30 Apr 2015	   ATM WDL-ATM 8084  +TCS  GR TECH PARK     BANGALORE    KAIN--		1,322.00	 	23,620.56
1 May 2015	1 May 2015	   BY TRANSFER-NEFT*KKBK0000958*KKBKH15121632731*DANDAMOODI  CHAN--	TRANSFER FROM 3199421044306	 	3,400.00	27,020.56
2 May 2015	2 May 2015	   DEBIT-ICJ25122500000000IG00YJEOT2Commission of IG00Y--		11.25	 	27,009.31
2 May 2015	2 May 2015	   DEBIT-ICJ25178080000000IG00YJBXK6Commission of IG00Y--		11.25	 	26,998.06
2 May 2015	2 May 2015	   BY TRANSFER-INB Refund of IG00YJEOT2---	1000002222990841000000451IX81722252               	 	205.00	27,203.06
2 May 2015	2 May 2015	   BY TRANSFER-INB Refund of IG00YJBXK6---	1000002220377941000000453IX81696220               	 	1,380.00	28,583.06
3 May 2015	3 May 2015	   TO TRANSFER-INB GRPT SBI0305151549640 Mahesh VJA--	GRPT INB: IZ10254765                              	1,002.50	 	27,580.56
3 May 2015	3 May 2015	   TO TRANSFER-INB Daily--	ITD0904010               TRANSFER TO 33116884745  	10,000.00	 	17,580.56
3 May 2015	3 May 2015	   TO TRANSFER-INB Return--	ITD0904482               TRANSFER TO 20112694221  	10,000.00	 	7,580.56
4 May 2015	4 May 2015	   BY TRANSFER-NEFT*HDFC0000001*N124150068413505*YESHWANTH T--	TRANSFER FROM 3199681044308	 	3,400.00	10,980.56
5 May 2015	5 May 2015	   BY TRANSFER-NEFT*HDFC0000001*N125150068656666*PHANINDRA PULAPA--	TRANSFER FROM 3199677044304	 	3,400.00	14,380.56
5 May 2015	5 May 2015	   ATM WDL-ATM 8402  +TCS  GR TECH PARK     BANGALORE    KAIN--		400.00	 	13,980.56
7 May 2015	7 May 2015	   BY TRANSFER-NEFT*HDFC0000001*N127150069238821*YESHWANTH T--	TRANSFER FROM 3199680044308	 	3,000.00	16,980.56
7 May 2015	7 May 2015	   ATM WDL-ATM 8639  +TCS  GR TECH PARK     BANGALORE    KAIN--		400.00	 	16,580.56
7 May 2015	7 May 2015	   ATM WDL-ATM 7415  +SBI BEML LAYOUT      BANGALORE    KA IN--		2,000.00	 	14,580.56
9 May 2015	9 May 2015	   TO TRANSFER-INB ICICI Bank Credit card    ICICI_CC Payments--	DSBI3792078051IG00ZPEWA4               TRANSFER TO	1,247.00	 	13,333.56
9 May 2015	9 May 2015	   BY TRANSFER-IMPS18/512908195484/XXXXXXX202--	TRANSFER FROM 3197896044308	 	9,000.00	22,333.56
12 May 2015	12 May 2015	   TO TRANSFER-INB SBICARD FOR BILLDESK      SBICARD Payments--	DSBI3796667210IG00ZZUXF7               TRANSFER TO	4,000.00	 	18,333.56
12 May 2015	12 May 2015	   TO TRANSFER-INB GRPT SBI1205151694982 V Janardhana--	GRPT INB: IZ10362716                              	17,005.00	 	1,328.56
15 May 2015	15 May 2015	   ATM WDL-ATM 9579  +TCS  GR TECH PARK     BANGALORE    KAIN--		400.00	 	928.56
20 May 2015	20 May 2015	   CSH DEP (CDM)-CARDLESS DEPOSITBY 7207507172 TO 7207507172--		 	6,000.00	6,928.56
23 May 2015	23 May 2015	   ATM WDL-ATM 4341  +WHITEFIELD BRANCH     BANGALORE    KAIN--		3,522.00	 	3,406.56
25 May 2015	25 May 2015	   ATM WDL-ATM 3012  +WHITE FIELD BR        BANGALORE    KAIN--		1,022.00	 	2,384.56
26 May 2015	26 May 2015	   ATM WDL-ATM 563   +TCS  GR TECH PARK     BANGALORE    KAIN--		822.00	 	1,562.56
29 May 2015	29 May 2015	   BY TRANSFER-NEFT*CITI0100000*CITIN15546788021*TATA CONSULTANCY--	TRANSFER FROM 3199679044302	 	38,671.00	40,233.56
29 May 2015	29 May 2015	   ATM WDL-ATM 9137  +THUBARAHALLI BEML LAYBANGALORE    KA IN--		700.00	 	39,533.56
30 May 2015	30 May 2015	   ATM WDL-ATM 9183  +THUBARAHALLI BEML LAYBANGALORE    KA IN--		1,600.00	 	37,933.56
30 May 2015	30 May 2015	   DEBIT SWEEP---	SWEEP TO 34964505367	12,000.00	 	25,933.56
1 Jun 2015	1 Jun 2015	   BY TRANSFER-NEFT*KKBK0000958*KKBKH15152856720*DANDAMOODI  CHAN--	TRANSFER FROM 3199677044304	 	3,300.00	29,233.56
1 Jun 2015	1 Jun 2015	   BY TRANSFER-NEFT*HDFC0000001*N152150073180823*YESHWANTH THODUP--	TRANSFER FROM 3199675044306	 	3,400.00	32,633.56
2 Jun 2015	2 Jun 2015	   TO TRANSFER-INB ICICI Bank Credit card    ICICI_CC Payments--	DSBI3831783483IG0ACVYTR9               TRANSFER TO	1,634.00	 	30,999.56
2 Jun 2015	2 Jun 2015	   TO TRANSFER-INB Dad--	ITD4530814               TRANSFER TO 33116884745  	10,000.00	 	20,999.56
3 Jun 2015	3 Jun 2015	   TO TRANSFER-INB GRPT SBI0306152085554 V Janardhana--	GRPT INB: IZ10571050                              	17,005.00	 	3,994.56
3 Jun 2015	3 Jun 2015	   BY TRANSFER-NEFT*HDFC0000001*N154150073949548*PHANINDRA KUMAR--	TRANSFER FROM 3199681044308	 	3,400.00	7,394.56

**This is a computer generated statement and does not require a signature