Account Name       :                	Mr. MOOLE MADHAN MOHAN REDDY
Address            :	NO 526 STATE BANK OF INDIA
                                    	THUABRAHALLI BR
                                    	BANGALORE-560066
                                    	Bangalore
Date               :                	15 May 2017
Account Number     :	_00000020112694210
Account Description:	SBCHQ-CSA-PUBIND-CSSILVER-INR
Branch             :	THUBARAHALLI BRANCH
Drawing Power      :	0.00
Interest Rate(% p.a.):	4.0
MOD Balance      :	0.00
CIF No.          :	_86153868825
IFS Code         :	SBIN0017042
MICR Code        :	_560002224
Nomination Registered    :	Yes 
Balance on 1 Jul 2015        :	30,822.75
Start Date          :	1 Jul 2015
End Date            :	31 Dec 2015
Txn Date	Value Date	Description	Ref No./Cheque No.	        Debit	Credit	Balance	
1 Jul 2015	1 Jul 2015	   BY TRANSFER-NEFT*HDFC0000001*N182150078779170*PHANINDRA KUMAR--	TRANSFER FROM 3199680044308	 	3,400.00	34,222.75
2 Jul 2015	2 Jul 2015	   BY TRANSFER-NEFT*KKBK0000958*KKBKH15183618929*DANDAMOODI  CHAN--	TRANSFER FROM 3199423044304	 	3,400.00	37,622.75
2 Jul 2015	2 Jul 2015	   BY TRANSFER-NEFT*HDFC0000001*N183150079379926*YESHWANTH THODUP--	TRANSFER FROM 3199413044306	 	3,400.00	41,022.75
3 Jul 2015	3 Jul 2015	   TO TRANSFER-INB NEFT SBIN815184886159 WF--	NEFT INB: IR66720979                              	2,502.50	 	38,520.25
3 Jul 2015	3 Jul 2015	   TO TRANSFER-INB NEFT SBIN815184919945 WF--	NEFT INB: IR66729065                              	2,502.50	 	36,017.75
5 Jul 2015	5 Jul 2015	   ATM WDL-ATM 1824  +THUBARAHALLI BEML LAYBANGALORE    KA IN--		900.00	 	35,117.75
6 Jul 2015	6 Jul 2015	   ATM WDL-ATM 6708  +WHITE FIELD BR        BANGALORE    KAIN--		8,000.00	 	27,117.75
9 Jul 2015	9 Jul 2015	   TO TRANSFER-INB GRPT SBI0907152673093 V Janardhana--	GRPT INB: IZ10969056                              	10,305.00	 	16,812.75
12 Jul 2015	12 Jul 2015	   TO TRANSFER-INB SBICARD FOR BILLDESK      SBICARD Payments--	DSBI3899268356IG0AIGWGI9               TRANSFER TO	14,410.28	 	2,402.47
22 Jul 2015	22 Jul 2015	   ATM WDL-ATM 5445  +TCS  GR TECH PARK     BANGALORE    KAIN--		900.00	 	1,502.47
24 Jul 2015	24 Jul 2015	   TO TRANSFER-INB GRPT SBI2407152847894 Mahesh VJA--	GRPT INB: IZ11114141                              	1,002.50	 	499.97
31 Jul 2015	31 Jul 2015	   BY TRANSFER-NEFT*CITI0100000*CITIN15567363372*TATA CONSULTANCY--	TRANSFER FROM 3199681044308	 	29,278.00	29,777.97
31 Jul 2015	31 Jul 2015	   TO TRANSFER-INB HDFC Bank Credit Card     HDFC Bank--	DSBI3935539524IG0ALIBQW2               TRANSFER TO	10,884.44	 	18,893.53
3 Aug 2015	3 Aug 2015	   BY TRANSFER-NEFT*HDFC0000001*N215150085243320*YESHWANTH THODUP--	TRANSFER FROM 3199676044305	 	3,400.00	22,293.53
3 Aug 2015	3 Aug 2015	   BY TRANSFER-NEFT*ICIC0SF0002*810308580*VML RAVITEJA KODAT--	TRANSFER FROM 3199423044304	 	3,400.00	25,693.53
3 Aug 2015	3 Aug 2015	   TO TRANSFER-INB ICICI Bank Credit card    ICICI_CC Payments--	DSBI3941102338IG0ALSYYX1               TRANSFER TO	7,117.88	 	18,575.65
5 Aug 2015	5 Aug 2015	   BY TRANSFER-NEFT*HDFC0000001*N217150085990784*PHANINDRA KUMAR--	TRANSFER FROM 3199411044308	 	3,400.00	21,975.65
6 Aug 2015	6 Aug 2015	   BY TRANSFER-IMPS18/521809821270/XXXXXXX773--	TRANSFER FROM 3197896044308	 	13,000.00	34,975.65
8 Aug 2015	8 Aug 2015	   ATM WDL-ATM 3587  +THUBARAHALLI BEML LAYBANGALORE    KA IN--		9,000.00	 	25,975.65
9 Aug 2015	9 Aug 2015	   TO TRANSFER-INB GRPT SBI0908153197235 V Janardhana--	GRPT INB: IZ11308422                              	10,305.00	 	15,670.65
11 Aug 2015	11 Aug 2015	   TO TRANSFER-INB SBICARD FOR BILLDESK      SBICARD Payments--	DSBI3956356950IG0AMXJVS2               TRANSFER TO	7,916.71	 	7,753.94
11 Aug 2015	11 Aug 2015	   ATM WDL-ATM 1704  +SBI BEML LAYOUT      BANGALORE    KA IN--		500.00	 	7,253.94
16 Aug 2015	16 Aug 2015	   ATM WDL-ATM 6972  +THUBARAHALLI BEML LAYBANGALORE    KA IN--		900.00	 	6,353.94
25 Aug 2015	25 Aug 2015	   ATM WDL-ATM 385   +THUBARAHALLI BEML LAYBANGALORE    KA IN--		1,000.00	 	5,353.94
26 Aug 2015	26 Aug 2015	   TO TRANSFER-INB HDFC Bank Credit Card     HDFC Bank--	DSBI3984023803IG0AOYCTB3               TRANSFER TO	3,000.00	 	2,353.94
30 Aug 2015	30 Aug 2015	   ATM WDL-ATM 2042  +THUBARAHALLI BEML LAYBANGALORE    KA IN--		400.00	 	1,953.94
31 Aug 2015	31 Aug 2015	   BY TRANSFER-NEFT*CITI0100000*CITIN15577173044*TATA CONSULTANCY--	TRANSFER FROM 3199421044306	 	19,125.00	21,078.94
1 Sep 2015	1 Sep 2015	   ATM WDL-ATM 4644  +TAVANT TECH INDIA PVT BANGALORE-URBKAIN--		500.00	 	20,578.94
1 Sep 2015	1 Sep 2015	   BY TRANSFER-NEFT*KKBK0000958*KKBKH15244707770*DANDAMOODI CHAND--	TRANSFER FROM 3199414044305	 	7,000.00	27,578.94
1 Sep 2015	1 Sep 2015	   BY TRANSFER-NEFT*KKBK0000958*KKBKH15244708137*DANDAMOODI CHAND--	TRANSFER FROM 3199424044303	 	3,400.00	30,978.94
1 Sep 2015	1 Sep 2015	   TO TRANSFER-INB ICICI Bank Credit card    ICICI_CC Payments--	DSBI3996335398IG0APSIPX2               TRANSFER TO	1,848.34	 	29,130.60
3 Sep 2015	3 Sep 2015	   BY TRANSFER-NEFT*HDFC0000001*N246150091946674*YESHWANTH THODUP--	TRANSFER FROM 3199683044306	 	3,400.00	32,530.60
3 Sep 2015	3 Sep 2015	   ATM WDL-ATM 4958  +TAVANT TECH INDIA PVT BANGALORE-URBKAIN--		8,000.00	 	24,530.60
3 Sep 2015	3 Sep 2015	   BY TRANSFER-NEFT*ICIC0SF0002*827536735*VML RAVITEJA KODAT--	TRANSFER FROM 3199410044308	 	3,400.00	27,930.60
4 Sep 2015	4 Sep 2015	   ATM WDL-ATM 5151  +TAVANT TECH INDIA PVT BANGALORE-URBKAIN--		2,000.00	 	25,930.60
6 Sep 2015	6 Sep 2015	   TO TRANSFER-INB GRPT SBI0609153684320 V Janardhana--	GRPT INB: IZ11602209                              	10,305.00	 	15,625.60
8 Sep 2015	8 Sep 2015	   TO TRANSFER-INB Bro--	ITE6334086               TRANSFER TO 31794520117  	6,000.00	 	9,625.60
11 Sep 2015	11 Sep 2015	   TO TRANSFER-INB SBICARD FOR BILLDESK      SBICARD Payments--	DSBI4012955940IG0ARALLM8               TRANSFER TO	2,000.00	 	7,625.60
12 Sep 2015	12 Sep 2015	   ATM WDL-ATM CASH 6743  +SBI BEML LAYOUT      BANGALORE--		2,500.00	 	5,125.60
12 Sep 2015	12 Sep 2015	   TO TRANSFER-INB IMPS/P2A/525514839887/XXXXXXX434HDFC--	IMPS00002972883MO00096621               TRANSFER T	3,000.00	 	2,125.60
13 Sep 2015	13 Sep 2015	   TO TRANSFER-INB Commission of IMPS00002972883---	IMPS00002972883IXA4515686               TRANSFER T	5.70	 	2,119.90
14 Sep 2015	14 Sep 2015	   ATM WDL-ATM CASH 1477  +KORAMANGALA BRANCH    BANGALORE--		1,022.00	 	1,097.90
16 Sep 2015	16 Sep 2015	BY CLEARING / CHEQUE-CHB                            BY CLEARING--105128	105128	 	31,940.00	33,037.90
18 Sep 2015	18 Sep 2015	   TO TRANSFER-NB Fund Payin to SSL for 59744468                E--	IG0ARYHKR6                TRANSFER TO 30230175497 	24,214.03	 	8,823.87
22 Sep 2015	22 Sep 2015	   TO TRANSFER-NB Fund Payin to SSL for 59744468                E--	IG0ASMCCM6                TRANSFER TO 30230175497 	5,362.13	 	3,461.74
23 Sep 2015	23 Sep 2015	   BY TRANSFER-IMPS18/526611152730/XXXXXXX202--	TRANSFER FROM 3197896044308	 	2,500.00	5,961.74
23 Sep 2015	23 Sep 2015	   ATM WDL-ATM CASH 6836  +TAVANT TECH INDIA PVT BANGALORE-UR--		222.00	 	5,739.74
23 Sep 2015	23 Sep 2015	   TO TRANSFER-INB INDUSINDBANK              INDUSINDBANK--	DSBI4031375707IG0ASPAUQ5               TRANSFER TO	5,315.00	 	424.74
28 Sep 2015	28 Sep 2015	   BY TRANSFER-NEFT*SCBL0036001*SIN00103Q0817000*TATA CONSULTANCY--	TRANSFER FROM 3199420044306	 	28,273.00	28,697.74
29 Sep 2015	29 Sep 2015	   ATM WDL-ATM CASH 1664  +THUBARAHALLI BEML LAYBANGALORE--		1,500.00	 	27,197.74
29 Sep 2015	29 Sep 2015	   TO TRANSFER-INB HDFC Bank Credit Card     HDFC Bank--	DSBI4039707335IG0ATKPLR0               TRANSFER TO	5,000.00	 	22,197.74
29 Sep 2015	29 Sep 2015	   TO TRANSFER-INB GRPT SBI2909153979815 Prashob--	GRPT INB: IZ11820979                              	5,002.50	 	17,195.24
30 Sep 2015	30 Sep 2015	   BY TRANSFER-NEFT*KKBK0000958*KKBKH15273772536*DANDAMOODI CHAND--	TRANSFER FROM 3199422044305	 	14,000.00	31,195.24
1 Oct 2015	1 Oct 2015	   BY TRANSFER-NEFT*HDFC0000001*N274150097882124*YESHWANTH THODUP--	TRANSFER FROM 3199679044302	 	8,500.00	39,695.24
3 Oct 2015	3 Oct 2015	   TO TRANSFER-INB ICICI Bank Credit card    ICICI_CC Payments--	ESBI4045901649IG0ATZVRJ8               TRANSFER TO	17,038.25	 	22,656.99
6 Oct 2015	6 Oct 2015	   TO TRANSFER-INB IMPS/P2A/527912571757/XXXXXXX434HDFC--	IMPS00003306852MO00274621               TRANSFER T	15,000.00	 	7,656.99
6 Oct 2015	6 Oct 2015	   TO TRANSFER-INB Bro Monthly Expenses--	ITE9708979               TRANSFER TO 31794520117  	7,000.00	 	656.99
7 Oct 2015	7 Oct 2015	   TO TRANSFER-INB Commission of IMPS00003306852---	IMPS00003306852IXA8798802               TRANSFER T	5.70	 	651.29
8 Oct 2015	8 Oct 2015	   BY TRANSFER-NEFT*HDFC0000001*N281150099866709*MOOLE MADHAN MOH--	TRANSFER FROM 3199683044306	 	10,000.00	10,651.29
8 Oct 2015	8 Oct 2015	   TO TRANSFER-INB GRPT SBI0810154284611 V Janardhana--	GRPT INB: IZ11961474                              	9,002.50	 	1,648.79
8 Oct 2015	8 Oct 2015	   BY TRANSFER-NEFT*HDFC0000001*N281150099918971*MOOLE MADHAN MOH--	TRANSFER FROM 3199420044306	 	6,000.00	7,648.79
9 Oct 2015	9 Oct 2015	   BY TRANSFER-NEFT*KKBK0000958*KKBKH15282860419*DANDAMOODI  CHAN--	TRANSFER FROM 3199413044306	 	800.00	8,448.79
9 Oct 2015	9 Oct 2015	   TO TRANSFER-INB Bro Java--	ITF0140302               TRANSFER TO 31794520117  	6,000.00	 	2,448.79
9 Oct 2015	9 Oct 2015	   BY TRANSFER-INB -FT issued for cr bal For 59744468--	7983238CT65325760               TRANSFER FROM 3023	 	22,700.53	25,149.32
12 Oct 2015	12 Oct 2015	   TO TRANSFER-INB SBICARD FOR BILLDESK      SBICARD Payments--	ESBI4060098476IG0AVGXAL4               TRANSFER TO	4,257.33	 	20,891.99
12 Oct 2015	12 Oct 2015	   TO TRANSFER-NB Fund Payin to SSL for 59744468                E--	IG0AVHHIX8                TRANSFER TO 30230175497 	527.37	 	20,364.62
13 Oct 2015	13 Oct 2015	   TO TRANSFER-NB Fund Payin to SSL for 59744468                E--	IG0AVKXXK1                TRANSFER TO 30230175497 	9,162.24	 	11,202.38
25 Oct 2015	25 Oct 2015	   ATM WDL-ATM CASH 1038  SBI  BUSINEES AREA    MYDUKUR--		4,000.00	 	7,202.38
26 Oct 2015	26 Oct 2015	   BY TRANSFER-NEFT*HDFC0000001*N299150102894588*MOOLE MADHAN MOH--	TRANSFER FROM 3199422044305	 	9,000.00	16,202.38
28 Oct 2015	28 Oct 2015	   CSH DEP (CDM)-CARDLESS DEPOSITBY 9705599795 TO 9705599795--		 	6,100.00	22,302.38
28 Oct 2015	28 Oct 2015	   TO TRANSFER-NB Fund Payin to SSL for 59744468                E--	IG0AXKKJX4                TRANSFER TO 30230175497 	12,474.90	 	9,827.48
30 Oct 2015	30 Oct 2015	   ATM WDL-ATM CASH 2842  +THUBARAHALLI BEML LAYBANGALORE--		2,100.00	 	7,727.48
31 Oct 2015	31 Oct 2015	   TO TRANSFER-INB HDFC Bank Credit Card     HDFC Bank--	ESBI4091626070IG0AXULMI7               TRANSFER TO	6,706.00	 	1,021.48
3 Nov 2015	3 Nov 2015	   ATM WDL-ATM CASH 4796  +SBI BEML LAYOUT      BANGALORE--		500.00	 	521.48
5 Nov 2015	5 Nov 2015	   BY TRANSFER-NEFT*HDFC0000001*N309150105849709*MOOLE MADHAN MOH--	TRANSFER FROM 3199681044308	 	60,000.00	60,521.48
5 Nov 2015	5 Nov 2015	   TO TRANSFER-INB Bro--	ITF3504312               TRANSFER TO 31794520117  	8,000.00	 	52,521.48
5 Nov 2015	5 Nov 2015	   TO TRANSFER-INB Insurance Premiums--	ITF3504833               TRANSFER TO 33116884745  	30,000.00	 	22,521.48
7 Nov 2015	7 Nov 2015	   ATM WDL-ATM CASH 50445 +CORP HAL IISTAGE BLR  BANGALORE--		10,000.00	 	12,521.48
7 Nov 2015	7 Nov 2015	   ATM WDL-ATM CASH 50445 +CORP HAL IISTAGE BLR  BANGALORE--		10,000.00	 	2,521.48
11 Nov 2015	11 Nov 2015	   TO TRANSFER-INB SBICARD FOR BILLDESK      SBICARD Payments--	ESBI4109830666IG0AZDTPY2               TRANSFER TO	2,000.00	 	521.48
13 Nov 2015	13 Nov 2015	   BY TRANSFER-INB -FT issued for cr bal For 59744468--	8026886CT66887371               TRANSFER FROM 3023	 	21,801.66	22,323.14
17 Nov 2015	17 Nov 2015	   TO TRANSFER-NB Fund Payin to SSL for 59744468                E--	IG0AZYQZU6                TRANSFER TO 30230175497 	13,744.20	 	8,578.94
18 Nov 2015	18 Nov 2015	   BY TRANSFER-NEFT*ICIC0SF0002*867714903*VML RAVITEJA KODAT--	TRANSFER FROM 3199678044303	 	10,000.00	18,578.94
18 Nov 2015	18 Nov 2015	   TO TRANSFER-NB Fund Payin to SSL for 59744468                E--	IG0BACEYK4                TRANSFER TO 30230175497 	10,023.81	 	8,555.13
23 Nov 2015	23 Nov 2015	   TO TRANSFER-INB INDUSINDBANK              INDUSINDBANK--	ESBI4131397664IG0BASMWO2               TRANSFER TO	6,500.00	 	2,055.13
30 Nov 2015	30 Nov 2015	   BY TRANSFER-NEFT*HDFC0000001*N334150110609380*MOOLE MADHAN MOH--	TRANSFER FROM 3199421044306	 	25,000.00	27,055.13
30 Nov 2015	30 Nov 2015	   TO TRANSFER-INB HDFC Bank Credit Card     HDFC Bank--	ESBI4144605403IG0BBQCWY7               TRANSFER TO	20,000.00	 	7,055.13
30 Nov 2015	30 Nov 2015	   TO TRANSFER-INB NEFT SBIN215334853489 Raviteja--	NEFT INB: IR78617835                              	3,500.00	 	3,555.13
3 Dec 2015	3 Dec 2015	   BY TRANSFER-NEFT*HDFC0000001*N337150112050986*MOOLE MADHAN MOH--	TRANSFER FROM 3199681044308	 	25,000.00	28,555.13
3 Dec 2015	3 Dec 2015	   TO TRANSFER-INB NEFT SBIN815337014926 Raviteja--	NEFT INB: IR79068418                              	25,000.00	 	3,555.13
3 Dec 2015	3 Dec 2015	   TO TRANSFER-NB Fund Payin to SSL for 59744468                E--	IG0BCCAJT2                TRANSFER TO 30230175497 	1.00	 	3,554.13
4 Dec 2015	4 Dec 2015	   CSH DEP (CDM)-CARDLESS DEPOSITBY 8884755541 TO 7204647485--		 	48,000.00	51,554.13
4 Dec 2015	4 Dec 2015	************************---38976288	38976288	25.00	 	51,529.13
4 Dec 2015	4 Dec 2015	   ATM WDL-ATM CASH 50445 +CORP HAL II STAGE     BANGALORE--		10,000.00	 	41,529.13
5 Dec 2015	5 Dec 2015	   ATM WDL-ATM CASH 7098  +THUBARAHALLI BEML LAYBANGALORE--		15,000.00	 	26,529.13
6 Dec 2015	6 Dec 2015	   TO TRANSFER-INB Bro--	ITF7279520               TRANSFER TO 31794520117  	7,000.00	 	19,529.13
7 Dec 2015	7 Dec 2015	   BULK POSTING-15016585186 ITD TAX REFUND AY 15-16 PAN BHQPM5974D--		 	3,560.00	23,089.13
7 Dec 2015	7 Dec 2015	   TO TRANSFER-INB IELTS--	ITF7432908               TRANSFER TO 31794520117  	10,700.00	 	12,389.13
7 Dec 2015	7 Dec 2015	   ATM WDL-ATM CASH 3563  +SBT  KORAMANGALA     BANGALURU--		1,000.00	 	11,389.13
7 Dec 2015	7 Dec 2015	   TO TRANSFER-INB NEFT SBIN115341619101 Raviteja--	NEFT INB: IR79421091                              	7,975.00	 	3,414.13
7 Dec 2015	7 Dec 2015	   BY TRANSFER-NEFT*HDFC0000001*N341150112901831*MOOLE MADHAN MOH--	TRANSFER FROM 3199411044308	 	8,000.00	11,414.13
7 Dec 2015	7 Dec 2015	   BY TRANSFER-NEFT*SBMY0040299*SBMY415341889535*V JANARDHAN--	TRANSFER FROM 3199677044304	 	37,400.00	48,814.13
7 Dec 2015	7 Dec 2015	   ATM WDL-ATM CASH 50445 +CORP HAL IISTAGE BLR  BANGALORE--		3,000.00	 	45,814.13
9 Dec 2015	9 Dec 2015	   TO TRANSFER-INB Dad--	ITF7684801               TRANSFER TO 33116884745  	10,000.00	 	35,814.13
10 Dec 2015	10 Dec 2015	   TO TRANSFER-NB Fund Payin to SSL for 59744468                E--	IG0BCZXIZ3                TRANSFER TO 30230175497 	9,121.21	 	26,692.92
13 Dec 2015	13 Dec 2015	   ATM WDL-ATM CASH 1323  +THUBARAHALLI BEML LAYBANGALORE--		2,000.00	 	24,692.92
13 Dec 2015	13 Dec 2015	   TO TRANSFER-INB NEFT SBIN615347626913 Raviteja--	NEFT INB: IR79866579                              	11,350.00	 	13,342.92
17 Dec 2015	17 Dec 2015	   ATM WDL-ATM CASH 8159  +SBT  KORAMANGALA     BANGALURU--		400.00	 	12,942.92
19 Dec 2015	19 Dec 2015	   ATM WDL-ATM CASH 5368  +JAYANAGAR SHOPG TWO   BANGALORE--		2,022.90	 	10,920.02
22 Dec 2015	22 Dec 2015	   TO TRANSFER-NB Fund Payin to SSL for 59744468                E--	IG0BELPNS8                TRANSFER TO 30230175497 	2,460.17	 	8,459.85
23 Dec 2015	23 Dec 2015	   TO TRANSFER-INB INDUSINDBANK              INDUSINDBANK--	ESBI4190216158IG0BEPQCK2               TRANSFER TO	3,500.00	 	4,959.85
24 Dec 2015	24 Dec 2015	   ATM WDL-ATM CASH 50445 +CORP HAL IISTAGE BLR  BANGALORE--		2,522.90	 	2,436.95
25 Dec 2015	25 Dec 2015	   CREDIT INTEREST---		 	247.00	2,683.95
26 Dec 2015	26 Dec 2015	   DEBIT-CDM CHARGE . S5EE006315621 1151 28102015        .--		25.00	 	2,658.95
29 Dec 2015	29 Dec 2015	   BY TRANSFER-INB -FT issued for cr bal For 59744468--	8083838CT68971601               TRANSFER FROM 3023	 	6,841.31	9,500.26
30 Dec 2015	30 Dec 2015	   TO TRANSFER-INB HDFC Bank Credit Card     HDFC Bank--	ESBI4202041651IG0BFISTV8               TRANSFER TO	7,000.00	 	2,500.26

**This is a computer generated statement and does not require a signature