Account Name       :                	Mr. MOOLE MADHAN MOHAN REDDY					
Address            :	NO 526 STATE BANK OF INDIA					
                                    	THUABRAHALLI BR					
                                    	BANGALORE-560066					
                                    	Bangalore					
Date               :                	15-May-17					
Account Number     :	_00000020112694210					
Account Description:	SBCHQ-CSA-PUBIND-CSSILVER-INR					
Branch             :	THUBARAHALLI BRANCH					
Drawing Power      :	0					
Interest Rate(% p.a.):	4					
MOD Balance      :	0					
CIF No.          :	_86153868825					
IFS Code         :	SBIN0017042					
MICR Code        :	_560002224					
Nomination Registered    :	Yes 					
Balance on 1 Jul 2016        :	"25,841.76"					
Start Date          :	1-Jul-16					
End Date            :	31-Dec-16					
Txn Date	Value Date	Description	Ref No./Cheque No.	        Debit	Credit	Balance
8-Jul-16	8-Jul-16	   BY TRANSFER-NEFT*HDFC0000001*N190160168196080*MOOLE MADHAN MOH--	TRANSFER FROM 3199682044307	 	"5,000.00"	"30,841.76"
17-Jul-16	17-Jul-16	   TO TRANSFER-INB NEFT UTR NO: SBIN416199445678--Chandrakanth Dandamoodi	NEFT INB: IRA0261135                               / Chandrakanth Dandamoodi	"8,000.00"	 	"22,841.76"
18-Jul-16	18-Jul-16	   BY TRANSFER-NEFT*HDFC0000001*N199160170321018*MOOLE MADHAN MOH--	TRANSFER FROM 3199680044308	 	"58,000.00"	"80,841.76"
20-Jul-16	20-Jul-16	   TO TRANSFER-INB IMPS/P2A/620211707445/XXXXXXX434HDFC--	IMPS00010140240MO09865047               TRANSFER T	"30,000.00"	 	"50,841.76"
21-Jul-16	21-Jul-16	   TO TRANSFER-INB Commission of IMPS00010140240---	IMPS00010140240IXE9091984               TRANSFER T	5.75	 	"50,836.01"
28-Jul-16	28-Jul-16	   ATM WDL-ATM CASH 5230  +SBT  KORAMANGALA     BANGALURU--		"2,000.00"	 	"48,836.01"
29-Jul-16	29-Jul-16	   TO TRANSFER-INB Bro--	ITI7934496               TRANSFER TO 31794520117  	"3,000.00"	 	"45,836.01"
30-Jul-16	30-Jul-16	   DEBIT SWEEP---	SWEEP TO 35963477922	"20,000.00"	 	"25,836.01"
8-Aug-16	8-Aug-16	   BY TRANSFER-NEFT*HDFC0000001*N220160176576946*MOOLE MADHAN MOH--	TRANSFER FROM 3199423044304	 	"5,000.00"	"30,836.01"
9-Aug-16	9-Aug-16	   TRANSFER CREDIT-SWEEP FROM 00003197945044305--	SWEEP FROM 35963477922                            	 	"20,030.00"	"50,866.01"
9-Aug-16	9-Aug-16	   TO TRANSFER-INB NEFT UTR NO: SBIN916222760296--	NEFT INB: IRA2415160                              	"50,000.00"	 	866.01
9-Aug-16	9-Aug-16	   BY TRANSFER-INB transfer to friend--	ITI9637385               TRANSFER FROM 30487129131	 	"35,000.00"	"35,866.01"
12-Aug-16	12-Aug-16	   BY TRANSFER-NEFT*HDFC0000001*N225160178284152*MOOLE MADHAN MOH--	TRANSFER FROM 3199418044301	 	"15,000.00"	"50,866.01"
29-Aug-16	29-Aug-16	   ATM WDL-ATM CASH 9251  +SBI INDIRANAGAR      BANGALORE--		"6,000.00"	 	"44,866.01"
30-Aug-16	30-Aug-16	   ATM WDL-ATM CASH 9477  +SBI INDIRANAGAR      BANGALORE--		"2,000.00"	 	"42,866.01"
30-Aug-16	30-Aug-16	   TO TRANSFER-INB Bro--	ITJ2064103               TRANSFER TO 31794520117  	"3,000.00"	 	"39,866.01"
30-Aug-16	30-Aug-16	   DEBIT SWEEP---	SWEEP TO 36050244124	"14,000.00"	 	"25,866.01"
10-Sep-16	10-Sep-16	   TRANSFER CREDIT-SWEEP FROM 00000031794520117--	SWEEP FROM 36050244124                            	 	"14,023.00"	"39,889.01"
10-Sep-16	10-Sep-16	   TRANSFER CREDIT-SWEEP FROM 00000031794520117--	SWEEP FROM 35880978497                            	 	"13,167.00"	"53,056.01"
10-Sep-16	10-Sep-16	   TRANSFER CREDIT-SWEEP FROM 00000031794520117--	SWEEP FROM 35665302199                            	 	"49,402.00"	"1,02,458.01"
10-Sep-16	10-Sep-16	   TO TRANSFER-INB IBM--	ITJ4034882               TRANSFER TO 31794520117  	"1,00,000.00"	 	"2,458.01"
25-Sep-16	25-Sep-16	   CREDIT INTEREST---		 	321	"2,779.01"
4-Oct-16	4-Oct-16	   TRANSFER CREDIT---	SWEEP FROM 35665302199                            	 	"8,278.00"	"11,057.01"
4-Oct-16	4-Oct-16	   ATM WDL-ATM CASH 1537  +HONGASANDAR BUS STOP  BANGALORE-UR--		"10,000.00"	 	"1,057.01"
11-Oct-16	11-Oct-16	   BY TRANSFER-INB transfer to friend--	ITJ8334777               TRANSFER FROM 30487129131	 	"50,000.00"	"51,057.01"
11-Oct-16	11-Oct-16	   ATM WDL-ATM CASH 9554  SBI  BUSINEES AREA    CUDDAPAH--		"10,000.00"	 	"41,057.01"
24-Oct-16	24-Oct-16	"   ATM WDL-ATM CASH 7047  SIVALAYAM CIRCLE,      CUDDAPAH--"		"10,000.00"	 	"31,057.01"
25-Oct-16	25-Oct-16	   BY TRANSFER-tdr 11313915399 cls--	TRANSFER FROM 11313915399                         	 	"47,120.00"	"78,177.01"
25-Oct-16	25-Oct-16	   ATM WDL-ATM CASH 7965  SBI  MYDUKURU         CUDDAPAH--		"20,000.00"	 	"58,177.01"
25-Oct-16	25-Oct-16	   ATM WDL-ATM CASH 7966  SBI  MYDUKURU         CUDDAPAH--		"20,000.00"	 	"38,177.01"
27-Oct-16	27-Oct-16	   TO TRANSFER-INB NEFT UTR NO: SBIN416301935063--Maddy	NEFT INB: IRA9803390                               / Maddy	"30,000.00"	 	"8,177.01"
27-Oct-16	27-Oct-16	   BY TRANSFER-INB Deposit / Investment--	ITK0465006               TRANSFER FROM 30487129131	 	"1,00,000.00"	"1,08,177.01"
28-Oct-16	28-Oct-16	   TO TRANSFER-INB NEFT UTR NO: SBIN616302781510--Maddy	NEFT INB: IRA9895714                               / Maddy	"50,000.00"	 	"58,177.01"
28-Oct-16	28-Oct-16	   BY TRANSFER-INB transfer to friend--	ITK0642241               TRANSFER FROM 30487129131	 	"50,000.00"	"1,08,177.01"
30-Oct-16	30-Oct-16	   DEBIT SWEEP---	SWEEP TO 36219375910	"83,000.00"	 	"25,177.01"
31-Oct-16	31-Oct-16	   TRANSFER CREDIT-SWEEP FROM 00003197945044305--	SWEEP FROM 36219375910                            	 	"75,000.00"	"1,00,177.01"
31-Oct-16	31-Oct-16	   TO TRANSFER-INB NEFT UTR NO: SBIN916305944586--	NEFT INB: IRB0122730                              	"1,00,000.00"	 	177.01
3-Nov-16	3-Nov-16	   BY TRANSFER-INB transfer to friend--	ITK1483570               TRANSFER FROM 30487129131	 	"50,000.00"	"50,177.01"
3-Nov-16	3-Nov-16	   TO TRANSFER-INB NEFT UTR NO: SBIN216308837239--Maddy	NEFT INB: IRB0554691                               / Maddy	"50,000.00"	 	177.01
3-Nov-16	3-Nov-16	   TRANSFER CREDIT-SWEEP FROM 00003197945044305--	SWEEP FROM 36219375910                            	 	"8,000.00"	"8,177.01"
3-Nov-16	3-Nov-16	   TO TRANSFER-INB NEFT UTR NO: SBIN316308112533--	NEFT INB: IRB0609200                              	"8,000.00"	 	177.01
10-Nov-16	10-Nov-16	   BY TRANSFER-INB--	ITK2561194               TRANSFER FROM 31794520117	 	"10,000.00"	"10,177.01"
20-Nov-16	20-Nov-16	   CSH DEP (CDM)-CDMh04010s+SBI K R PURAM        BANGALORE    KA IN--		 	"27,000.00"	"37,177.01"
22-Nov-16	22-Nov-16	   CSH DEP (CDM)-CDMh04010s+SBI WHITE FIELD      BANGALORE    KA IN--		 	"48,000.00"	"85,177.01"
23-Nov-16	23-Nov-16	   CSH DEP (CDM)-CDMh04010s+SBI WHITE FIELD      BANGALORE    KA IN--		 	"46,000.00"	"1,31,177.01"
24-Nov-16	24-Nov-16	   TO TRANSFER-INB NEFT UTR NO: SBIN316329634182--Maddy	NEFT INB: IRB2967539                               / Maddy	"40,000.00"	 	"91,177.01"
25-Nov-16	25-Nov-16	   CSH DEP (CDM)-CDMh04010s+SBI WHITE FIELD      BANGALORE    KA IN--		 	"42,000.00"	"1,33,177.01"
25-Nov-16	25-Nov-16	   ATM WDL-ATM CASH 1675  K R PURAM SECOND      BANGALORE--		"2,000.00"	 	"1,31,177.01"
30-Nov-16	30-Nov-16	   DEBIT SWEEP---	SWEEP TO 36276541358	"1,06,000.00"	 	"25,177.01"
4-Dec-16	4-Dec-16	   ATM WDL-ATM CASH 5743  +SBI BEML LAYOUT      BANGALORE--		"2,000.00"	 	"23,177.01"
5-Dec-16	5-Dec-16	   TRANSFER CREDIT-SWEEP FROM 00004597853162099--	SWEEP FROM 36276541358                            	 	"17,000.00"	"40,177.01"
5-Dec-16	5-Dec-16	   TO TRANSFER-INB IMPS/P2A/634014626573/XXXXXXX872HDFC--	IMPS00016785531MO204679TRANSFER TO 4597853162099	"40,000.00"	 	177.01
6-Dec-16	6-Dec-16	   TO TRANSFER-INB Commission of IMPS00016785531---	IMPS00016785531IXG1353799               TRANSFER T	5.75	 	171.26
6-Dec-16	6-Dec-16	   TRANSFER CREDIT-SWEEP FROM 00003197945044305--	SWEEP FROM 36276541358                            	 	"30,000.00"	"30,171.26"
6-Dec-16	6-Dec-16	   TO TRANSFER-INB NEFT UTR NO: SBIN416341638770--	NEFT INB: IRB4889231                              	"30,000.00"	 	171.26
9-Dec-16	9-Dec-16	   TRANSFER CREDIT---	SWEEP FROM 36276541358                            	 	"2,003.00"	"2,174.26"
9-Dec-16	9-Dec-16	   ATM WDL-ATM CASH 63442 +SOUTH EAST ASIAN EDUCABANGALORE--		"2,000.00"	 	174.26
13-Dec-16	13-Dec-16	   TRANSFER CREDIT-SWEEP FROM 00003197945044305--	SWEEP FROM 36276541358                            	 	"10,020.00"	"10,194.26"
13-Dec-16	13-Dec-16	   TO TRANSFER-INB NEFT UTR NO: SBIN916348953389--	NEFT INB: IRB5965727                              	"10,000.00"	 	194.26
17-Dec-16	17-Dec-16	   TRANSFER CREDIT-SWEEP FROM 00003197945044305--	SWEEP FROM 36276541358                            	 	"47,120.00"	"47,314.26"
17-Dec-16	17-Dec-16	   TRANSFER CREDIT-SWEEP FROM 00003197945044305--	SWEEP FROM 35665302199                            	 	"1,051.00"	"48,365.26"
17-Dec-16	17-Dec-16	   TO TRANSFER-INB NEFT UTR NO: SBIN516352597100--	NEFT INB: IRB6736148                              	"48,000.00"	 	365.26
17-Dec-16	17-Dec-16	   BY TRANSFER-INB--	ITK8806332               TRANSFER FROM 31794520117	 	"50,000.00"	"50,365.26"
17-Dec-16	17-Dec-16	   TO TRANSFER-INB NEFT UTR NO: SBIN516352743688--Maddy	NEFT INB: IRB6751897                               / Maddy	"25,000.00"	 	"25,365.26"
19-Dec-16	19-Dec-16	   ATM WDL-ATM CASH 6154  +TCS LTD OATM          BANGALORE--		"2,000.00"	 	"23,365.26"
23-Dec-16	23-Dec-16	   ATM WDL-ATM CASH 63581 +TCS  GR TECH PARK     BANGALORE--		"2,000.00"	 	"21,365.26"
25-Dec-16	25-Dec-16	   CREDIT INTEREST---		 	274	"21,639.26"
26-Dec-16	26-Dec-16	   BY TRANSFER-INB booby money--	ITL0045940               TRANSFER FROM 20098373515	 	"2,000.00"	"23,639.26"
26-Dec-16	26-Dec-16	   ATM WDL-ATM CASH 2265  +TAVANT TECH INDIA PVT BANGALORE-UR--		"2,000.00"	 	"21,639.26"
27-Dec-16	27-Dec-16	   BY TRANSFER-INB--	ITL0216064               TRANSFER FROM 31794520117	 	"30,000.00"	"51,639.26"
27-Dec-16	27-Dec-16	   TO TRANSFER-INB NEFT UTR NO: SBIN216362904746--Maddy	NEFT INB: IRB8029329                               / Maddy	"30,000.00"	 	"21,639.26"
						
**This is a computer generated statement and does not require a signature						
