Account Name       :                	Mr. MOOLE MADHAN MOHAN REDDY
Address            :	NO 526 STATE BANK OF INDIA
                                    	THUABRAHALLI BR
                                    	BANGALORE-560066
                                    	Bangalore
Date               :                	15 May 2017
Account Number     :	_00000020112694210
Account Description:	SBCHQ-CSA-PUBIND-CSSILVER-INR
Branch             :	THUBARAHALLI BRANCH
Drawing Power      :	0.00
Interest Rate(% p.a.):	4.0
MOD Balance      :	0.00
CIF No.          :	_86153868825
IFS Code         :	SBIN0017042
MICR Code        :	_560002224
Nomination Registered    :	Yes 
Balance on 1 Oct 2014        :	30,662.10
Start Date          :	1 Oct 2014
End Date            :	31 Dec 2014
Txn Date	Value Date	Description	Ref No./Cheque No.	        Debit	Credit	Balance	
1 Oct 2014	1 Oct 2014	   TO TRANSFER-INB Vodafone                  Vodafone Payments--	MSBI3503087546IG00ADIKJ4               TRANSFER TO	705.00	 	29,957.10
2 Oct 2014	2 Oct 2014	   ATM WDL-ATM 65    WHITEFIELD BR          WHITEFIELD BRKAIN--		2,000.00	 	27,957.10
2 Oct 2014	2 Oct 2014	   ATM WDL-ATM 66    WHITEFIELD BR          WHITEFIELD BRKAIN--		500.00	 	27,457.10
3 Oct 2014	3 Oct 2014	   TO TRANSFER-INB Avenues India Pvt. Ltd--	CCABJ1ZZA659IG00AKRLP1               TRANSFER TO 3	100.00	 	27,357.10
4 Oct 2014	4 Oct 2014	   TO TRANSFER-INB Ibibo Web Pvt. Ltd.--	170611987IG00ALBEW2               TRANSFER TO 3217	667.40	 	26,689.70
4 Oct 2014	4 Oct 2014	   TO TRANSFER-INB--	ITA6824566               TRANSFER TO 33116884745  	10,000.00	 	16,689.70
5 Oct 2014	5 Oct 2014	   TO TRANSFER-INB Life Insurance Corporatio LIC_Ref--	ASBI3507466791IG00AOKKS0               TRANSFER TO	2,936.00	 	13,753.70
7 Oct 2014	7 Oct 2014	   BY TRANSFER-NEFT*HDFC0000001*N277140035984809*YESHWANTH T--	TRANSFER FROM 3199680044308	 	3,400.00	17,153.70
7 Oct 2014	7 Oct 2014	   BY TRANSFER-NEFT*HDFC0000001*N278140036025817*N SWARNATA--	TRANSFER FROM 3199420044306	 	3,000.00	20,153.70
8 Oct 2014	8 Oct 2014	   TO TRANSFER-INB NEFT SBIN414281075654 V Janardhana--	NEFT INB: IR48505960                              	17,005.00	 	3,148.70
8 Oct 2014	8 Oct 2014	   BY TRANSFER-NEFT*HDFC0000001*N280140036487929*PHANINDRA PULAPA--	TRANSFER FROM 3199416044303	 	3,401.00	6,549.70
9 Oct 2014	9 Oct 2014	   ATM WDL-ATM 4198  SBI BEML LAYOUT       BANGALORE    KA IN--		1,000.00	 	5,549.70
10 Oct 2014	10 Oct 2014	   BY TRANSFER-NEFT*HDFC0000001*N282140036928048*PHANINDRA PULAPA--	TRANSFER FROM 3199415044304	 	2,000.00	7,549.70
12 Oct 2014	12 Oct 2014	   ATM WDL-ATM 490   THUBARAHALLI BEML LAYOBANGALORE    KA IN--		1,000.00	 	6,549.70
13 Oct 2014	13 Oct 2014	   BY TRANSFER-NEFT*ICIC0SF0002*661409802*VML RAVITEJA KODAT--	TRANSFER FROM 3199419044300	 	1,400.00	7,949.70
14 Oct 2014	14 Oct 2014	   ATM WDL-ATM 6406  SBI BEML LAYOUT       BANGALORE    KA IN--		500.00	 	7,449.70
15 Oct 2014	15 Oct 2014	   TO TRANSFER-INB GRPT SBI1510147148453 Mahesh VJA--	GRPT INB: IZ08321494                              	2,002.50	 	5,447.20
17 Oct 2014	17 Oct 2014	   BY TRANSFER-NEFT*ICIC0SF0002*663547920*VML RAVITEJA KODAT--	TRANSFER FROM 3199682044307	 	10,000.00	15,447.20
17 Oct 2014	17 Oct 2014	   TO TRANSFER-INB--	ITA8308655               TRANSFER TO 11490109777  	11,749.00	 	3,698.20
20 Oct 2014	20 Oct 2014	   ATM WDL-ATM 29220 TCS  GR TECH PARK      BANGALORE    KAIN--		500.00	 	3,198.20
24 Oct 2014	24 Oct 2014	   TO TRANSFER-INB Life Insurance Corporatio LIC_Ref--	ASBI3529451131IG00CPGBU3               TRANSFER TO	1,752.50	 	1,445.70
24 Oct 2014	24 Oct 2014	   TRANSFER CREDIT-INB Life Insurance Corporatio LIC_Ref--	SWEEP FROM 34103755839                            	 	1,010.00	2,455.70
24 Oct 2014	24 Oct 2014	   TO TRANSFER-INB Life Insurance Corporatio LIC_Ref--	ASBI3529466746IG00CPHATRANSFER TO 3199609162099	1,783.90	 	671.80
27 Oct 2014	27 Oct 2014	   TRANSFER CREDIT-            5448071027161301S10G002761003   2916--	SWEEP FROM 34103755839                            	 	1,010.00	1,681.80
27 Oct 2014	27 Oct 2014	   ATM WDL-ATM 2916  SBI  MYDUKURU         MYDUKURU     AP IN--		1,500.00	 	181.80
29 Oct 2014	29 Oct 2014	   TRANSFER CREDIT-            1821971029080545FFBX001114053   9950--	SWEEP FROM 34103755839                            	 	1,011.00	1,192.80
29 Oct 2014	29 Oct 2014	   ATM WDL-ATM 9950  SBI BEML LAYOUT       BANGALORE    KA IN--		1,000.00	 	192.80
29 Oct 2014	29 Oct 2014	   TRANSFER CREDIT-            1929571029080721FFBX001114053   9951--	SWEEP FROM 34103755839                            	 	1,011.00	1,203.80
29 Oct 2014	29 Oct 2014	   ATM WDL-ATM 9951  SBI BEML LAYOUT       BANGALORE    KA IN--		500.00	 	703.80
31 Oct 2014	31 Oct 2014	   BY TRANSFER-NEFT*CITI0100000*CITIN14482359090*TATA CONSULTANCY--	TRANSFER FROM 3199410044308	 	30,567.00	31,270.80
1 Nov 2014	1 Nov 2014	   BY TRANSFER-NEFT*KKBK0000958*KKBKH14305618439*DANDAMOODI  CHAN--	TRANSFER FROM 3199420044306	 	8,000.00	39,270.80
1 Nov 2014	1 Nov 2014	   BY TRANSFER-NEFT*HDFC0000001*N305140039659668*YESHWANTH T--	TRANSFER FROM 3199423044304	 	3,400.00	42,670.80
1 Nov 2014	1 Nov 2014	   ATM WDL-ATM 816   +SBI BEML LAYOUT      BANGALORE    KA IN--		1,000.00	 	41,670.80
3 Nov 2014	3 Nov 2014	   TO TRANSFER-INB Vodafone                  Vodafone Payments--	ASBI3541060240IG00DQCXY5               TRANSFER TO	562.00	 	41,108.80
3 Nov 2014	3 Nov 2014	   ATM WDL-ATM 29350 TCS  GR TECH PARK      BANGALORE    KAIN--		1,000.00	 	40,108.80
4 Nov 2014	4 Nov 2014	   TO TRANSFER-INB Dad--	ITB0127125               TRANSFER TO 33116884745  	10,000.00	 	30,108.80
5 Nov 2014	5 Nov 2014	   TO TRANSFER-INB GRPT SBI0511147554353 V Janardhana--	GRPT INB: IZ08494148                              	17,005.00	 	13,103.80
7 Nov 2014	7 Nov 2014	   BY TRANSFER-NEFT*HDFC0000001*N310140040839423*PHANINDRA PULAPA--	TRANSFER FROM 3199413044306	 	3,400.00	16,503.80
7 Nov 2014	7 Nov 2014	   TO TRANSFER-INB NEFT SBIN214311264698 WF Kotak--	NEFT INB: IR50334147                              	15,005.00	 	1,498.80
8 Nov 2014	8 Nov 2014	   by debit card-POS 413359 S BANGALORE 39/2 A2 SHBANGALOR--		558.00	 	940.80
13 Nov 2014	13 Nov 2014	   TRANSFER CREDIT-            2071601113105617S1CW4779        294703--	SWEEP FROM 34103755839                            	 	1,013.00	1,953.80
13 Nov 2014	13 Nov 2014	   ATM WDL-ATM 29470 TCS  GR TECH PARK      BANGALORE    KAIN--		1,000.00	 	953.80
28 Nov 2014	28 Nov 2014	   BY TRANSFER-NEFT*CITI0100000*CITIN14490977652*TATA CONSULTANCY--	TRANSFER FROM 3199415044304	 	37,159.00	38,112.80
28 Nov 2014	28 Nov 2014	   ATM WDL-ATM 1640  TCS  GR TECH PARK      BANGALORE    KAIN--		700.00	 	37,412.80
29 Nov 2014	29 Nov 2014	   ATM WDL-ATM 6744  +SBI BEML LAYOUT      BANGALORE    KA IN--		4,000.00	 	33,412.80
2 Dec 2014	2 Dec 2014	   TO TRANSFER-INB--	ITB3270704               TRANSFER TO 33116884745  	10,000.00	 	23,412.80
3 Dec 2014	3 Dec 2014	   BY TRANSFER-NEFT*HDFC0000001*N336140044636839*YESHWANTH T--	TRANSFER FROM 3199420044306	 	3,400.00	26,812.80
3 Dec 2014	3 Dec 2014	   TO TRANSFER-INB NEFT SBIN814337537282 WF--	NEFT INB: IR51982372                              	10,002.50	 	16,810.30
4 Dec 2014	4 Dec 2014	   TO TRANSFER-INB NEFT SBIN814338541654 WF Kotak--	NEFT INB: IR51992929                              	1,502.50	 	15,307.80
4 Dec 2014	4 Dec 2014	   BY TRANSFER-NEFT*KKBK0000958*KKBKH14338619512*SWARNAJA NATHANI--	TRANSFER FROM 3199423044304	 	10,000.00	25,307.80
4 Dec 2014	4 Dec 2014	   DEBIT- ATM REISSUE CHARGE--		204.00	 	25,103.80
4 Dec 2014	4 Dec 2014	   ATM WDL-ATM 8829  +SBI BEML LAYOUT      BANGALORE    KA IN--		6,000.00	 	19,103.80
5 Dec 2014	5 Dec 2014	   TO TRANSFER-INB NEFT SBIN914339394043 WF--	NEFT INB: IR52081767                              	4,502.50	 	14,601.30
6 Dec 2014	6 Dec 2014	   BY TRANSFER-NEFT*KKBK0000958*KKBKH14340684318*DANDAMOODI CHAND--	TRANSFER FROM 3199416044303	 	3,400.00	18,001.30
6 Dec 2014	6 Dec 2014	   BY TRANSFER-NEFT*ICIC0SF0002*688109547*VML RAVITEJA KODAT--	TRANSFER FROM 3199676044305	 	3,400.00	21,401.30
7 Dec 2014	7 Dec 2014	   TO TRANSFER-INB NEFT SBIN114341865693 V Janardhana--	NEFT INB: IR52238104                              	17,005.00	 	4,396.30
7 Dec 2014	7 Dec 2014	   TO TRANSFER-INB NEFT SBIN114341865777 WF--	NEFT INB: IR52238190                              	3,002.50	 	1,393.80
8 Dec 2014	8 Dec 2014	   BY TRANSFER-INB--	ITB4056913               TRANSFER FROM 30487129131	 	3,000.00	4,393.80
9 Dec 2014	9 Dec 2014	   TO TRANSFER-INB NEFT SBIN214343942284 WF--	NEFT INB: IR52396131                              	4,002.50	 	391.30
10 Dec 2014	10 Dec 2014	   TRANSFER CREDIT-            7613561210203134FFBX001114053   576--	SWEEP FROM 34103755839                            	 	1,018.00	1,409.30
10 Dec 2014	10 Dec 2014	   ATM WDL-ATM 576   +SBI BEML LAYOUT      BANGALORE    KA IN--		400.00	 	1,009.30
13 Dec 2014	13 Dec 2014	   ATM WDL-ATM 1215  +SBI BEML LAYOUT      BANGALORE    KA IN--		500.00	 	509.30
16 Dec 2014	16 Dec 2014	   BY TRANSFER-NEFT*HDFC0000001*N349140046661065*N SWARNATA--	TRANSFER FROM 3199676044305	 	10,000.00	10,509.30
16 Dec 2014	16 Dec 2014	   TO TRANSFER-INB Return--	ITB4849943               TRANSFER TO 20112694221  	3,000.00	 	7,509.30
19 Dec 2014	19 Dec 2014	   ATM WDL-ATM 4413  +TCS  GR TECH PARK     BANGALORE    KAIN--		1,000.00	 	6,509.30
21 Dec 2014	21 Dec 2014	   ATM WDL-ATM 3841  +SBI BEML LAYOUT      BANGALORE    KA IN--		500.00	 	6,009.30
25 Dec 2014	25 Dec 2014	   ATM WDL-ATM 4751  +SBI BEML LAYOUT      BANGALORE    KA IN--		800.00	 	5,209.30
25 Dec 2014	25 Dec 2014	   CREDIT INTEREST---		 	162.00	5,371.30
26 Dec 2014	26 Dec 2014	   ATM WDL-ATM 4453  AECS LAYOUT BANGALORE  BANGALORE      IN--		1,500.00	 	3,871.30
26 Dec 2014	26 Dec 2014	   ATM WDL-ATM 5191  +TCS  GR TECH PARK     BANGALORE    KAIN--		500.00	 	3,371.30
26 Dec 2014	26 Dec 2014	   ATM WDL-ATM 5250  +TCS  GR TECH PARK     BANGALORE    KAIN--		3,222.00	 	149.30
26 Dec 2014	26 Dec 2014	   BY TRANSFER-IMPS18/436021001436/XXXXXXX626--	TRANSFER FROM 3197896044308	 	2,700.00	2,849.30
28 Dec 2014	28 Dec 2014	   ATM WDL-ATM 5486  +SBI BEML LAYOUT      BANGALORE    KA IN--		700.00	 	2,149.30
28 Dec 2014	28 Dec 2014	   ATM WDL-ATM 7412  +AECS LAYOUT           BANGALORE    KAIN--		722.00	 	1,427.30
31 Dec 2014	31 Dec 2014	   BY TRANSFER-NEFT*CITI0100000*CITIN14501370221*TATA CONSULTANCY--	TRANSFER FROM 3199419044300	 	30,561.00	31,988.30

**This is a computer generated statement and does not require a signature