Account Name       :                	Mr. MOOLE MADHAN MOHAN REDDY							
Address            :	NO 526 STATE BANK OF INDIA							
                                    	THUABRAHALLI BR							
                                    	BANGALORE-560066							
                                    	Bangalore							
Date               :                	14-Mar-16							
Account Number     :	_00000020112694210							
Account Description:	SBCHQ-CSA-PUBIND-CSSILVER-INR							
Branch             :	THUBARAHALLI BRANCH							
Drawing Power      :	0							
Interest Rate(% p.a.):	4							
MOD Balance      :	0							
CIF No.          :	_86153868825							
IFS Code         :	SBIN0017042							
MICR Code        :	_560002224							
Nomination Registered    :	Yes 							
Balance on 1 Jul 2013        :	"6,067.00"							
Start Date          :								
End Date            :								
Txn Date	Value Date	Description	Ref No./Cheque No.	        Debit	Credit	Balance		01-Jul-13
03-Jul-13	03-Jul-13	   CASH DEPOSIT-CASH DEPOSIT SELF--		 	"20,000.00"	"26,067.00"		01-Dec-13
04-Jul-13	04-Jul-13	   TO TRANSFER-INB--	IT66791083               TRANSFER TO 20112694221  	"10,000.00"	 	"16,067.00"		
04-Jul-13	04-Jul-13	   ATM WDL-ATM 9697  WHITEFIELD BRANCH       YEDEHALLI OFFKIN--		"2,900.00"	 	"13,167.00"		
12-Jul-13	12-Jul-13	"   ATM WDL-ATM 28697 TCS, GR TECH PARK      BANGALORE    KAIN--"		"1,200.00"	 	"11,967.00"		
14-Jul-13	14-Jul-13	   ATM WDL-ATM 1370  WHITEFIELD BR           WHITEFIELD BRKIN--		"5,000.00"	 	"6,967.00"		
15-Jul-13	15-Jul-13	   TRANSFER CREDIT-INB--	SWEEP FROM 33092054216                            	 	"4,010.00"	"10,977.00"		
15-Jul-13	15-Jul-13	   TO TRANSFER-INB--	IT67633009               TRANSFER TO 20112694221  	"10,000.00"	 	977		
17-Jul-13	17-Jul-13	   BULK POSTING-REVERSAL.OF.SERVICES.CHARGES.FOR.APR-JUN.2013.....--		 	2	979		
20-Jul-13	20-Jul-13	   TRANSFER CREDIT-            6560590720194454S1ACYE01        4492--	SWEEP FROM 33092054216                            	 	"2,007.00"	"2,986.00"		
20-Jul-13	20-Jul-13	   ATM WDL-ATM 4492  WHITEFIELD BRANCH       YEDEHALLI OFFKIN--		"2,000.00"	 	986		
20-Jul-13	20-Jul-13	   POS PRCH-POS 274287 KESAR.                 BANGALO--		470	 	516		
22-Jul-13	22-Jul-13	   TRANSFER CREDIT-            3887050722143539S1CW4779        286890--	SWEEP FROM 33092054216                            	 	"2,007.00"	"2,523.00"		
22-Jul-13	22-Jul-13	"   ATM WDL-ATM 28689 TCS, GR TECH PARK      BANGALORE    KAIN--"		"1,517.00"	 	"1,006.00"		
24-Jul-13	24-Jul-13	   TRANSFER CREDIT-            3794120724182744S1CW4779        286952--	SWEEP FROM 33092054216                            	 	"1,004.00"	"2,010.00"		
24-Jul-13	24-Jul-13	"   ATM WDL-ATM 28695 TCS, GR TECH PARK     BANGALORE    KARIN--"		"1,417.00"	 	593		
28-Jul-13	28-Jul-13	   TRANSFER CREDIT-            6830550728093218E1AWBG16        2488--	SWEEP FROM 33092054216                            	 	"1,005.00"	"1,598.00"		
28-Jul-13	28-Jul-13	   ATM WDL-ATM 2488  WHITEFIELD BR          WHITEFIELD IIKAIN--		817	 	781		
31-Jul-13	31-Jul-13	   BY TRANSFER-NEFT*SCBL0036001*SIN00892Q2212257*TATA CONSULTANCY--	TRANSFER FROM 3199680044308	 	"19,250.00"	"20,031.00"		
31-Jul-13	31-Jul-13	"   ATM WDL-ATM 28685 TCS, GR TECH PARK     BANGALORE    KARIN--"		417	 	"19,614.00"		
01-Aug-13	01-Aug-13	   TO TRANSFER-INB--	IT68795500               TRANSFER TO 20112694221  	"9,000.00"	 	"10,614.00"		
03-Aug-13	03-Aug-13	   TO TRANSFER-INB Ten Thousand Only--	IT68996093               TRANSFER TO 11313768921  	"10,000.00"	 	614		
08-Aug-13	08-Aug-13	"   ATM WDL-ATM 28701 TCS, GR TECH PARK     BANGALORE    KARIN--"		400	 	214		
30-Aug-13	30-Aug-13	   BY TRANSFER-NEFT*SCBL0036001*SIN00892Q2275567*TATA CONSULTANCY--	TRANSFER FROM 3199410044308	 	"21,050.00"	"21,264.00"		
30-Aug-13	30-Aug-13	   TO TRANSFER-INB--	IT70975558               TRANSFER TO 20112694221  	"10,000.00"	 	"11,264.00"		
02-Sep-13	02-Sep-13	   TO TRANSFER-INB--	IT71196949               TRANSFER TO 20112694221  	"6,000.00"	 	"5,264.00"		
07-Sep-13	07-Sep-13	   TRANSFER CREDIT-INB--	SWEEP FROM 33092054216                            	 	"1,011.00"	"6,275.00"		
07-Sep-13	07-Sep-13	   TO TRANSFER-INB--	IT71747030               TRANSFER TO 20112694221  	"6,000.00"	 	275		
24-Sep-13	24-Sep-13	   DEBIT-Service.Charges.Sep.2013..........................--		15	 	260		
29-Sep-13	29-Sep-13	   ATM WDL-ATM 02728 BROOK FIELDS KUNDANAHA BANGALORE    KAIN--		200	 	60		
30-Sep-13	30-Sep-13	   BY TRANSFER-NEFT*SCBL0036001*SIN00892Q2347693*TATA CONSULTANCY--	TRANSFER FROM 3199418044301	 	"19,250.00"	"19,310.00"		
30-Sep-13	30-Sep-13	   TO TRANSFER-INB--	IT73312583               TRANSFER TO 20112694221  	"10,000.00"	 	"9,310.00"		
01-Oct-13	01-Oct-13	   ATM WDL-ATM 28702 TCS  GR TECH PARK      BANGALORE    KAIN--		"3,000.00"	 	"6,310.00"		
08-Oct-13	08-Oct-13	   BY TRANSFER-NEFT*HDFC0000001*0777281133223573*N SWARNATA--	TRANSFER FROM 3199412044307	 	"15,000.00"	"21,310.00"		
10-Oct-13	10-Oct-13	   TO TRANSFER-INB--	IT74382133               TRANSFER TO 11313768921  	"10,000.00"	 	"11,310.00"		
15-Oct-13	15-Oct-13	   ATM WDL-ATM 28696 TCS  GR TECH PARK      BANGALORE    KAIN--		"1,000.00"	 	"10,310.00"		
15-Oct-13	15-Oct-13	   TO TRANSFER-INB--	IT74726175               TRANSFER TO 20112694221  	"8,000.00"	 	"2,310.00"		
20-Oct-13	20-Oct-13	   ATM WDL-ATM 3301  SBI BEML LAYOUT       BANGALORE    KA IN--		"1,500.00"	 	810		
21-Oct-13	21-Oct-13	   ATM WDL-ATM 2785  WHITEFIELD BRANCH      YEDEHALLI OFFKAIN--		500	 	310		
31-Oct-13	31-Oct-13	   BY TRANSFER-NEFT*SCBL0036001*SIN00892Q2451264*TATA CONSULTANCY--	TRANSFER FROM 3199413044306	 	"23,295.00"	"23,605.00"		
04-Nov-13	04-Nov-13	   ATM WDL-ATM 3632  SBI  MYDUKURU         MYDUKURU     AP IN--		"12,000.00"	 	"11,605.00"		
05-Nov-13	05-Nov-13	   TO TRANSFER-INB--	IT76278536               TRANSFER TO 20112694221  	"10,000.00"	 	"1,605.00"		
09-Nov-13	09-Nov-13	   ATM WDL-ATM 6062  SBI BEML LAYOUT       BANGALORE    KA IN--		500	 	"1,105.00"		
12-Nov-13	12-Nov-13	   BY TRANSFER-INB--	IT76976094               TRANSFER FROM 30487129131	 	950	"2,055.00"		
19-Nov-13	19-Nov-13	   ATM WDL-ATM 28687 TCS  GR TECH PARK      BANGALORE    KAIN--		700	 	"1,355.00"		
23-Nov-13	23-Nov-13	   TO TRANSFER-INB--	IT77698784               TRANSFER TO 20112694221  	"1,000.00"	 	355		
29-Nov-13	29-Nov-13	   BY TRANSFER-NEFT*SCBL0036001*SIN00892Q2518738*TATA CONSULTANCY--	TRANSFER FROM 3199421044306	 	"25,095.00"	"25,450.00"		
29-Nov-13	29-Nov-13	   ATM WDL-ATM 28688 TCS  GR TECH PARK      BANGALORE    KAIN--		"1,400.00"	 	"24,050.00"		
29-Nov-13	29-Nov-13	   TO TRANSFER-INB--	IT78141946               TRANSFER TO 20112694221  	"10,000.00"	 	"14,050.00"		
