Account Name       :                	Mr. MOOLE MADHAN MOHAN REDDY									
Address            :	NO 526 STATE BANK OF INDIA									
                                    	THUABRAHALLI BR									
                                    	BANGALORE-560066									
                                    	Bangalore									
Date               :                	14-Mar-16									
Account Number     :	_00000020112694210									
Account Description:	SBCHQ-CSA-PUBIND-CSSILVER-INR									
Branch             :	THUBARAHALLI BRANCH									
Drawing Power      :	0									
Interest Rate(% p.a.):	4									
MOD Balance      :	0									
CIF No.          :	_86153868825									
IFS Code         :	SBIN0017042									
MICR Code        :	_560002224									
Nomination Registered    :	Yes 									
Balance on 14 Sep 2015        :	"2,119.90"									
Start Date          :	14-Sep-15									
End Date            :	14-Mar-16									
Txn Date	Value Date	Description	Ref No./Cheque No.	        Debit	Credit	Balance			14-Sep-15	14-Mar-16
14-Sep-15	14-Sep-15	   ATM WDL-ATM CASH 1477  +KORAMANGALA BRANCH    BANGALORE--		"1,022.00"	 	"1,097.90"				
16-Sep-15	16-Sep-15	BY CLEARING / CHEQUE-CHB                            BY CLEARING--105128	105128	 	"31,940.00"	"33,037.90"				
18-Sep-15	18-Sep-15	   TO TRANSFER-NB Fund Payin to SSL for 59744468                E--	IG0ARYHKR6                TRANSFER TO 30230175497 	"24,214.03"	 	"8,823.87"				
22-Sep-15	22-Sep-15	   TO TRANSFER-NB Fund Payin to SSL for 59744468                E--	IG0ASMCCM6                TRANSFER TO 30230175497 	"5,362.13"	 	"3,461.74"				
23-Sep-15	23-Sep-15	   BY TRANSFER-IMPS18/526611152730/XXXXXXX202--	TRANSFER FROM 3197896044308	 	"2,500.00"	"5,961.74"				
23-Sep-15	23-Sep-15	   ATM WDL-ATM CASH 6836  +TAVANT TECH INDIA PVT BANGALORE-UR--		222	 	"5,739.74"				
23-Sep-15	23-Sep-15	   TO TRANSFER-INB INDUSINDBANK              INDUSINDBANK--	DSBI4031375707IG0ASPAUQ5               TRANSFER TO	"5,315.00"	 	424.74				
28-Sep-15	28-Sep-15	   BY TRANSFER-NEFT*SCBL0036001*SIN00103Q0817000*TATA CONSULTANCY--	TRANSFER FROM 3199420044306	 	"28,273.00"	"28,697.74"				
29-Sep-15	29-Sep-15	   ATM WDL-ATM CASH 1664  +THUBARAHALLI BEML LAYBANGALORE--		"1,500.00"	 	"27,197.74"				
29-Sep-15	29-Sep-15	   TO TRANSFER-INB HDFC Bank Credit Card     HDFC Bank--	DSBI4039707335IG0ATKPLR0               TRANSFER TO	"5,000.00"	 	"22,197.74"				
29-Sep-15	29-Sep-15	   TO TRANSFER-INB GRPT SBI2909153979815 Prashob--	GRPT INB: IZ11820979                              	"5,002.50"	 	"17,195.24"				
30-Sep-15	30-Sep-15	   BY TRANSFER-NEFT*KKBK0000958*KKBKH15273772536*DANDAMOODI CHAND--	TRANSFER FROM 3199422044305	 	"14,000.00"	"31,195.24"				
01-Oct-15	01-Oct-15	   BY TRANSFER-NEFT*HDFC0000001*N274150097882124*YESHWANTH THODUP--	TRANSFER FROM 3199679044302	 	"8,500.00"	"39,695.24"				
03-Oct-15	03-Oct-15	   TO TRANSFER-INB ICICI Bank Credit card    ICICI_CC Payments--	ESBI4045901649IG0ATZVRJ8               TRANSFER TO	"17,038.25"	 	"22,656.99"				
06-Oct-15	06-Oct-15	   TO TRANSFER-INB IMPS/P2A/527912571757/XXXXXXX434HDFC--	IMPS00003306852MO00274621               TRANSFER T	"15,000.00"	 	"7,656.99"				
06-Oct-15	06-Oct-15	   TO TRANSFER-INB Bro Monthly Expenses--	ITE9708979               TRANSFER TO 31794520117  	"7,000.00"	 	656.99				
07-Oct-15	07-Oct-15	   TO TRANSFER-INB Commission of IMPS00003306852---	IMPS00003306852IXA8798802               TRANSFER T	5.7	 	651.29				
08-Oct-15	08-Oct-15	   BY TRANSFER-NEFT*HDFC0000001*N281150099866709*MOOLE MADHAN MOH--	TRANSFER FROM 3199683044306	 	"10,000.00"	"10,651.29"				
08-Oct-15	08-Oct-15	   TO TRANSFER-INB GRPT SBI0810154284611 V Janardhana--	GRPT INB: IZ11961474                              	"9,002.50"	 	"1,648.79"				
08-Oct-15	08-Oct-15	   BY TRANSFER-NEFT*HDFC0000001*N281150099918971*MOOLE MADHAN MOH--	TRANSFER FROM 3199420044306	 	"6,000.00"	"7,648.79"				
09-Oct-15	09-Oct-15	   BY TRANSFER-NEFT*KKBK0000958*KKBKH15282860419*DANDAMOODI  CHAN--	TRANSFER FROM 3199413044306	 	800	"8,448.79"				
09-Oct-15	09-Oct-15	   TO TRANSFER-INB Bro Java--	ITF0140302               TRANSFER TO 31794520117  	"6,000.00"	 	"2,448.79"				
09-Oct-15	09-Oct-15	   BY TRANSFER-INB -FT issued for cr bal For 59744468--	7983238CT65325760               TRANSFER FROM 3023	 	"22,700.53"	"25,149.32"				
12-Oct-15	12-Oct-15	   TO TRANSFER-INB SBICARD FOR BILLDESK      SBICARD Payments--	ESBI4060098476IG0AVGXAL4               TRANSFER TO	"4,257.33"	 	"20,891.99"				
12-Oct-15	12-Oct-15	   TO TRANSFER-NB Fund Payin to SSL for 59744468                E--	IG0AVHHIX8                TRANSFER TO 30230175497 	527.37	 	"20,364.62"				
13-Oct-15	13-Oct-15	   TO TRANSFER-NB Fund Payin to SSL for 59744468                E--	IG0AVKXXK1                TRANSFER TO 30230175497 	"9,162.24"	 	"11,202.38"				
25-Oct-15	25-Oct-15	   ATM WDL-ATM CASH 1038  SBI  BUSINEES AREA    MYDUKUR--		"4,000.00"	 	"7,202.38"				
26-Oct-15	26-Oct-15	   BY TRANSFER-NEFT*HDFC0000001*N299150102894588*MOOLE MADHAN MOH--	TRANSFER FROM 3199422044305	 	"9,000.00"	"16,202.38"				
28-Oct-15	28-Oct-15	   CSH DEP (CDM)-CARDLESS DEPOSITBY 9705599795 TO 9705599795--		 	"6,100.00"	"22,302.38"				
28-Oct-15	28-Oct-15	   TO TRANSFER-NB Fund Payin to SSL for 59744468                E--	IG0AXKKJX4                TRANSFER TO 30230175497 	"12,474.90"	 	"9,827.48"				
30-Oct-15	30-Oct-15	   ATM WDL-ATM CASH 2842  +THUBARAHALLI BEML LAYBANGALORE--		"2,100.00"	 	"7,727.48"				
31-Oct-15	31-Oct-15	   TO TRANSFER-INB HDFC Bank Credit Card     HDFC Bank--	ESBI4091626070IG0AXULMI7               TRANSFER TO	"6,706.00"	 	"1,021.48"				
03-Nov-15	03-Nov-15	   ATM WDL-ATM CASH 4796  +SBI BEML LAYOUT      BANGALORE--		500	 	521.48				
05-Nov-15	05-Nov-15	   BY TRANSFER-NEFT*HDFC0000001*N309150105849709*MOOLE MADHAN MOH--	TRANSFER FROM 3199681044308	 	"60,000.00"	"60,521.48"				
05-Nov-15	05-Nov-15	   TO TRANSFER-INB Bro--	ITF3504312               TRANSFER TO 31794520117  	"8,000.00"	 	"52,521.48"				
05-Nov-15	05-Nov-15	   TO TRANSFER-INB Insurance Premiums--	ITF3504833               TRANSFER TO 33116884745  	"30,000.00"	 	"22,521.48"				
07-Nov-15	07-Nov-15	   ATM WDL-ATM CASH 50445 +CORP HAL IISTAGE BLR  BANGALORE--		"10,000.00"	 	"12,521.48"				
07-Nov-15	07-Nov-15	   ATM WDL-ATM CASH 50445 +CORP HAL IISTAGE BLR  BANGALORE--		"10,000.00"	 	"2,521.48"				
11-Nov-15	11-Nov-15	   TO TRANSFER-INB SBICARD FOR BILLDESK      SBICARD Payments--	ESBI4109830666IG0AZDTPY2               TRANSFER TO	"2,000.00"	 	521.48				
13-Nov-15	13-Nov-15	   BY TRANSFER-INB -FT issued for cr bal For 59744468--	8026886CT66887371               TRANSFER FROM 3023	 	"21,801.66"	"22,323.14"				
17-Nov-15	17-Nov-15	   TO TRANSFER-NB Fund Payin to SSL for 59744468                E--	IG0AZYQZU6                TRANSFER TO 30230175497 	"13,744.20"	 	"8,578.94"				
18-Nov-15	18-Nov-15	   BY TRANSFER-NEFT*ICIC0SF0002*867714903*VML RAVITEJA KODAT--	TRANSFER FROM 3199678044303	 	"10,000.00"	"18,578.94"				
18-Nov-15	18-Nov-15	   TO TRANSFER-NB Fund Payin to SSL for 59744468                E--	IG0BACEYK4                TRANSFER TO 30230175497 	"10,023.81"	 	"8,555.13"				
23-Nov-15	23-Nov-15	   TO TRANSFER-INB INDUSINDBANK              INDUSINDBANK--	ESBI4131397664IG0BASMWO2               TRANSFER TO	"6,500.00"	 	"2,055.13"				
30-Nov-15	30-Nov-15	   BY TRANSFER-NEFT*HDFC0000001*N334150110609380*MOOLE MADHAN MOH--	TRANSFER FROM 3199421044306	 	"25,000.00"	"27,055.13"				
30-Nov-15	30-Nov-15	   TO TRANSFER-INB HDFC Bank Credit Card     HDFC Bank--	ESBI4144605403IG0BBQCWY7               TRANSFER TO	"20,000.00"	 	"7,055.13"				
30-Nov-15	30-Nov-15	   TO TRANSFER-INB NEFT SBIN215334853489 Raviteja--	NEFT INB: IR78617835                              	"3,500.00"	 	"3,555.13"				
03-Dec-15	03-Dec-15	   BY TRANSFER-NEFT*HDFC0000001*N337150112050986*MOOLE MADHAN MOH--	TRANSFER FROM 3199681044308	 	"25,000.00"	"28,555.13"				
03-Dec-15	03-Dec-15	   TO TRANSFER-INB NEFT SBIN815337014926 Raviteja--	NEFT INB: IR79068418                              	"25,000.00"	 	"3,555.13"				
03-Dec-15	03-Dec-15	   TO TRANSFER-NB Fund Payin to SSL for 59744468                E--	IG0BCCAJT2                TRANSFER TO 30230175497 	1	 	"3,554.13"				
04-Dec-15	04-Dec-15	   CSH DEP (CDM)-CARDLESS DEPOSITBY 8884755541 TO 7204647485--		 	"48,000.00"	"51,554.13"				
04-Dec-15	04-Dec-15	************************---38976288	38976288	25	 	"51,529.13"				
04-Dec-15	04-Dec-15	   ATM WDL-ATM CASH 50445 +CORP HAL II STAGE     BANGALORE--		"10,000.00"	 	"41,529.13"				
05-Dec-15	05-Dec-15	   ATM WDL-ATM CASH 7098  +THUBARAHALLI BEML LAYBANGALORE--		"15,000.00"	 	"26,529.13"				
06-Dec-15	06-Dec-15	   TO TRANSFER-INB Bro--	ITF7279520               TRANSFER TO 31794520117  	"7,000.00"	 	"19,529.13"				
07-Dec-15	07-Dec-15	   BULK POSTING-15016585186 ITD TAX REFUND AY 15-16 PAN BHQPM5974D--		 	"3,560.00"	"23,089.13"				
07-Dec-15	07-Dec-15	   TO TRANSFER-INB IELTS--	ITF7432908               TRANSFER TO 31794520117  	"10,700.00"	 	"12,389.13"				
07-Dec-15	07-Dec-15	   ATM WDL-ATM CASH 3563  +SBT  KORAMANGALA     BANGALURU--		"1,000.00"	 	"11,389.13"				
07-Dec-15	07-Dec-15	   TO TRANSFER-INB NEFT SBIN115341619101 Raviteja--	NEFT INB: IR79421091                              	"7,975.00"	 	"3,414.13"				
07-Dec-15	07-Dec-15	   BY TRANSFER-NEFT*HDFC0000001*N341150112901831*MOOLE MADHAN MOH--	TRANSFER FROM 3199411044308	 	"8,000.00"	"11,414.13"				
07-Dec-15	07-Dec-15	   BY TRANSFER-NEFT*SBMY0040299*SBMY415341889535*V JANARDHAN--	TRANSFER FROM 3199677044304	 	"37,400.00"	"48,814.13"				
07-Dec-15	07-Dec-15	   ATM WDL-ATM CASH 50445 +CORP HAL IISTAGE BLR  BANGALORE--		"3,000.00"	 	"45,814.13"				
09-Dec-15	09-Dec-15	   TO TRANSFER-INB Dad--	ITF7684801               TRANSFER TO 33116884745  	"10,000.00"	 	"35,814.13"				
10-Dec-15	10-Dec-15	   TO TRANSFER-NB Fund Payin to SSL for 59744468                E--	IG0BCZXIZ3                TRANSFER TO 30230175497 	"9,121.21"	 	"26,692.92"				
13-Dec-15	13-Dec-15	   ATM WDL-ATM CASH 1323  +THUBARAHALLI BEML LAYBANGALORE--		"2,000.00"	 	"24,692.92"				
13-Dec-15	13-Dec-15	   TO TRANSFER-INB NEFT SBIN615347626913 Raviteja--	NEFT INB: IR79866579                              	"11,350.00"	 	"13,342.92"				
17-Dec-15	17-Dec-15	   ATM WDL-ATM CASH 8159  +SBT  KORAMANGALA     BANGALURU--		400	 	"12,942.92"				
19-Dec-15	19-Dec-15	   ATM WDL-ATM CASH 5368  +JAYANAGAR SHOPG TWO   BANGALORE--		"2,022.90"	 	"10,920.02"				
22-Dec-15	22-Dec-15	   TO TRANSFER-NB Fund Payin to SSL for 59744468                E--	IG0BELPNS8                TRANSFER TO 30230175497 	"2,460.17"	 	"8,459.85"				
23-Dec-15	23-Dec-15	   TO TRANSFER-INB INDUSINDBANK              INDUSINDBANK--	ESBI4190216158IG0BEPQCK2               TRANSFER TO	"3,500.00"	 	"4,959.85"				
24-Dec-15	24-Dec-15	   ATM WDL-ATM CASH 50445 +CORP HAL IISTAGE BLR  BANGALORE--		"2,522.90"	 	"2,436.95"				
25-Dec-15	25-Dec-15	   CREDIT INTEREST---		 	247	"2,683.95"				
26-Dec-15	26-Dec-15	   DEBIT-CDM CHARGE . S5EE006315621 1151 28102015        .--		25	 	"2,658.95"				
29-Dec-15	29-Dec-15	   BY TRANSFER-INB -FT issued for cr bal For 59744468--	8083838CT68971601               TRANSFER FROM 3023	 	"6,841.31"	"9,500.26"				
30-Dec-15	30-Dec-15	   TO TRANSFER-INB HDFC Bank Credit Card     HDFC Bank--	ESBI4202041651IG0BFISTV8               TRANSFER TO	"7,000.00"	 	"2,500.26"				
01-Jan-16	01-Jan-16	   BY TRANSFER-NEFT*HDFC0000001*N001160118295546*MOOLE MADHAN MOH--	TRANSFER FROM 3199410044308	 	"10,000.00"	"12,500.26"				
01-Jan-16	01-Jan-16	   TO TRANSFER-INB Bro--	ITG0353841               TRANSFER TO 31794520117  	"10,000.00"	 	"2,500.26"				
02-Jan-16	02-Jan-16	   CSH DEP (CDM)-CARDLESS DEPOSITBY 7207507172 TO 7207507172--		 	"6,500.00"	"9,000.26"				
02-Jan-16	02-Jan-16	************************---38976288	38976288	25	 	"8,975.26"				
05-Jan-16	05-Jan-16	   BY TRANSFER-NEFT*HDFC0000001*N005160119634054*MOOLE MADHAN MOH--	TRANSFER FROM 3199421044306	 	"10,000.00"	"18,975.26"				
07-Jan-16	07-Jan-16	   TO TRANSFER-INB NEFT SBIN116007218113 Raviteja--	NEFT INB: IR82081258                              	"11,350.00"	 	"7,625.26"				
07-Jan-16	07-Jan-16	   BY TRANSFER-INB -FT issued for cr bal For 59744468--	8100886CT69459621               TRANSFER FROM 3023	 	"16,397.89"	"24,023.15"				
08-Jan-16	08-Jan-16	   TO TRANSFER-INB NEFT SBIN116008233054 Raviteja--	NEFT INB: IR82081832                              	"6,500.00"	 	"17,523.15"				
10-Jan-16	10-Jan-16	   TO TRANSFER-INB NEFT SBIN316010836880 Raviteja--	NEFT INB: IR82228235                              	"10,900.00"	 	"6,623.15"				
10-Jan-16	10-Jan-16	   ATM WDL-ATM CASH 3815  +THUBARAHALLI BEML LAYBANGALORE--		"1,000.00"	 	"5,623.15"				
11-Jan-16	11-Jan-16	   BY TRANSFER-INB friend--	ITG1769821               TRANSFER FROM 30487129131	 	"30,000.00"	"35,623.15"				
11-Jan-16	11-Jan-16	   TO TRANSFER-INB SBICARD FOR BILLDESK      SBICARD Payments--	ESBI4227309216IG0BHDTVP2               TRANSFER TO	"16,210.00"	 	"19,413.15"				
12-Jan-16	12-Jan-16	   TO TRANSFER-INB NEFT SBIN516012216170 WF--	NEFT INB: IR82384446                              	"2,000.00"	 	"17,413.15"				
13-Jan-16	13-Jan-16	   TO TRANSFER-INB IMPS/P2A/601310950218/XXXXXXX434HDFC--	IMPS00005109706MO02458173               TRANSFER T	"15,000.00"	 	"2,413.15"				
22-Jan-16	22-Jan-16	   TO TRANSFER-INB NEFT SBIN616022535754 WF--	NEFT INB: IR83178158                              	"1,500.00"	 	913.15				
23-Jan-16	23-Jan-16	   ATM WDL-ATM CASH 50445 +CORP HAL IISTAGE BLR  BANGALORE--		500	 	413.15				
23-Jan-16	23-Jan-16	   ATM WDL-ATM CASH 50445 +CORP HAL II STAGE     BANGALORE--		200	 	213.15				
05-Feb-16	05-Feb-16	   BY TRANSFER-NEFT*HDFC0000001*N036160127277234*MOOLE MADHAN MOH--	TRANSFER FROM 3199424044303	 	"10,000.00"	"10,213.15"				
06-Feb-16	06-Feb-16	   TO TRANSFER-INB Bro--	ITG5139829               TRANSFER TO 31794520117  	"7,000.00"	 	"3,213.15"				
16-Feb-16	16-Feb-16	   CSH DEP (CDM)-CARDLESS DEPOSITBY 7207507172 TO 7207507172--		 	"5,500.00"	"8,713.15"				
16-Feb-16	16-Feb-16	************************---38976288	38976288	25	 	"8,688.15"				
16-Feb-16	16-Feb-16	   CSH DEP (CDM)-CARDLESS DEPOSITBY 7207507172 TO 7207507172--		 	"1,000.00"	"9,688.15"				
16-Feb-16	16-Feb-16	************************---38976288	38976288	25	 	"9,663.15"				
17-Feb-16	17-Feb-16	   ATM WDL-ATM CASH 1420  +KODIHALLI WEST 15TH MABANGALORE--		500	 	"9,163.15"				
17-Feb-16	17-Feb-16	   REVERSE ATM WDL---		 	500	"9,663.15"				
17-Feb-16	17-Feb-16	   ATM WDL-ATM CASH 60480 +    Indra Nagar       Bangalore--		500	 	"9,163.15"				
17-Feb-16	17-Feb-16	   BY TRANSFER-INB -FT issued for cr bal For 59744468--	8149106CT71415448               TRANSFER FROM 3023	 	"7,622.61"	"16,785.76"				
18-Feb-16	18-Feb-16	   TO TRANSFER-INB NEFT SBIN116049008799 WF--	NEFT INB: IR85618218                              	"7,000.00"	 	"9,785.76"				
19-Feb-16	19-Feb-16	   TO TRANSFER-INB NEFT SBIN116050780134 Raviteja--	NEFT INB: IR85695268                              	"7,800.00"	 	"1,985.76"				
22-Feb-16	22-Feb-16	   TO TRANSFER-INB Bro--	ITG7111106               TRANSFER TO 31794520117  	500	 	"1,485.76"				
22-Feb-16	22-Feb-16	   ATM WDL-ATM CASH 7933  +SBT  KORAMANGALA     BANGALURU--		400	 	"1,085.76"				
27-Feb-16	27-Feb-16	   ATM WDL-ATM CASH 50445 +CORP HAL IISTAGE BLR  BANGALORE--		700	 	385.76				
29-Feb-16	29-Feb-16	   BY TRANSFER-NEFT*HDFC0000001*N060160132590889*MOOLE MADHAN MOH--	TRANSFER FROM 3199420044306	 	"10,000.00"	"10,385.76"				
29-Feb-16	29-Feb-16	   TO TRANSFER-INB Bro--	ITG7989566               TRANSFER TO 31794520117  	"3,000.00"	 	"7,385.76"				
03-Mar-16	03-Mar-16	   TO TRANSFER-INB Bro--	ITG8540814               TRANSFER TO 31794520117  	"1,000.00"	 	"6,385.76"				
07-Mar-16	07-Mar-16	   BY TRANSFER-NEFT*HDFC0000001*N066160135166735*MOOLE MADHAN MOH--	TRANSFER FROM 3199680044308	 	"30,000.00"	"36,385.76"				
10-Mar-16	10-Mar-16	   TO TRANSFER-INB Bro--	ITG9639225               TRANSFER TO 31794520117  	"1,500.00"	 	"34,885.76"				
14-Mar-16	14-Mar-16	   TO TRANSFER-INB chari--	ITH0124149               TRANSFER TO 20112694221  	"30,000.00"	 	"4,885.76"				
14-Mar-16	14-Mar-16	   TO TRANSFER-INB SBICARD FOR BILLDESK      SBICARD Payments--	FSBI4355222266IG0BQQCOZ5               TRANSFER TO	"4,550.00"	 	335.76				
