Account Name       :                	Mr. MOOLE MADHAN MOHAN REDDY
Address            :	NO 526 STATE BANK OF INDIA
                                    	THUABRAHALLI BR
                                    	BANGALORE-560066
                                    	Bangalore
Date               :                	15 Mar 2016
Account Number     :	_00000020112694210
Account Description:	SBCHQ-CSA-PUBIND-CSSILVER-INR
Branch             :	THUBARAHALLI BRANCH
Drawing Power      :	0.00
Interest Rate(% p.a.):	4.0
MOD Balance      :	0.00
CIF No.          :	_86153868825
IFS Code         :	SBIN0017042
MICR Code        :	_560002224
Nomination Registered    :	Yes 
Balance on 1 Jul 2015        :	30,822.75
Start Date          :	1 Jul 2015
End Date            :	15 Sep 2015
Txn Date	Value Date	Description	Ref No./Cheque No.	        Debit	Credit	Balance	
1 Jul 2015	1 Jul 2015	   BY TRANSFER-NEFT*HDFC0000001*N182150078779170*PHANINDRA KUMAR--	TRANSFER FROM 3199680044308	 	3,400.00	34,222.75
2 Jul 2015	2 Jul 2015	   BY TRANSFER-NEFT*KKBK0000958*KKBKH15183618929*DANDAMOODI  CHAN--	TRANSFER FROM 3199423044304	 	3,400.00	37,622.75
2 Jul 2015	2 Jul 2015	   BY TRANSFER-NEFT*HDFC0000001*N183150079379926*YESHWANTH THODUP--	TRANSFER FROM 3199413044306	 	3,400.00	41,022.75
3 Jul 2015	3 Jul 2015	   TO TRANSFER-INB NEFT SBIN815184886159 WF--	NEFT INB: IR66720979                              	2,502.50	 	38,520.25
3 Jul 2015	3 Jul 2015	   TO TRANSFER-INB NEFT SBIN815184919945 WF--	NEFT INB: IR66729065                              	2,502.50	 	36,017.75
5 Jul 2015	5 Jul 2015	   ATM WDL-ATM 1824  +THUBARAHALLI BEML LAYBANGALORE    KA IN--		900.00	 	35,117.75
6 Jul 2015	6 Jul 2015	   ATM WDL-ATM 6708  +WHITE FIELD BR        BANGALORE    KAIN--		8,000.00	 	27,117.75
9 Jul 2015	9 Jul 2015	   TO TRANSFER-INB GRPT SBI0907152673093 V Janardhana--	GRPT INB: IZ10969056                              	10,305.00	 	16,812.75
12 Jul 2015	12 Jul 2015	   TO TRANSFER-INB SBICARD FOR BILLDESK      SBICARD Payments--	DSBI3899268356IG0AIGWGI9               TRANSFER TO	14,410.28	 	2,402.47
22 Jul 2015	22 Jul 2015	   ATM WDL-ATM 5445  +TCS  GR TECH PARK     BANGALORE    KAIN--		900.00	 	1,502.47
24 Jul 2015	24 Jul 2015	   TO TRANSFER-INB GRPT SBI2407152847894 Mahesh VJA--	GRPT INB: IZ11114141                              	1,002.50	 	499.97
31 Jul 2015	31 Jul 2015	   BY TRANSFER-NEFT*CITI0100000*CITIN15567363372*TATA CONSULTANCY--	TRANSFER FROM 3199681044308	 	29,278.00	29,777.97
31 Jul 2015	31 Jul 2015	   TO TRANSFER-INB HDFC Bank Credit Card     HDFC Bank--	DSBI3935539524IG0ALIBQW2               TRANSFER TO	10,884.44	 	18,893.53
3 Aug 2015	3 Aug 2015	   BY TRANSFER-NEFT*HDFC0000001*N215150085243320*YESHWANTH THODUP--	TRANSFER FROM 3199676044305	 	3,400.00	22,293.53
3 Aug 2015	3 Aug 2015	   BY TRANSFER-NEFT*ICIC0SF0002*810308580*VML RAVITEJA KODAT--	TRANSFER FROM 3199423044304	 	3,400.00	25,693.53
3 Aug 2015	3 Aug 2015	   TO TRANSFER-INB ICICI Bank Credit card    ICICI_CC Payments--	DSBI3941102338IG0ALSYYX1               TRANSFER TO	7,117.88	 	18,575.65
5 Aug 2015	5 Aug 2015	   BY TRANSFER-NEFT*HDFC0000001*N217150085990784*PHANINDRA KUMAR--	TRANSFER FROM 3199411044308	 	3,400.00	21,975.65
6 Aug 2015	6 Aug 2015	   BY TRANSFER-IMPS18/521809821270/XXXXXXX773--	TRANSFER FROM 3197896044308	 	13,000.00	34,975.65
8 Aug 2015	8 Aug 2015	   ATM WDL-ATM 3587  +THUBARAHALLI BEML LAYBANGALORE    KA IN--		9,000.00	 	25,975.65
9 Aug 2015	9 Aug 2015	   TO TRANSFER-INB GRPT SBI0908153197235 V Janardhana--	GRPT INB: IZ11308422                              	10,305.00	 	15,670.65
11 Aug 2015	11 Aug 2015	   TO TRANSFER-INB SBICARD FOR BILLDESK      SBICARD Payments--	DSBI3956356950IG0AMXJVS2               TRANSFER TO	7,916.71	 	7,753.94
11 Aug 2015	11 Aug 2015	   ATM WDL-ATM 1704  +SBI BEML LAYOUT      BANGALORE    KA IN--		500.00	 	7,253.94
16 Aug 2015	16 Aug 2015	   ATM WDL-ATM 6972  +THUBARAHALLI BEML LAYBANGALORE    KA IN--		900.00	 	6,353.94
25 Aug 2015	25 Aug 2015	   ATM WDL-ATM 385   +THUBARAHALLI BEML LAYBANGALORE    KA IN--		1,000.00	 	5,353.94
26 Aug 2015	26 Aug 2015	   TO TRANSFER-INB HDFC Bank Credit Card     HDFC Bank--	DSBI3984023803IG0AOYCTB3               TRANSFER TO	3,000.00	 	2,353.94
30 Aug 2015	30 Aug 2015	   ATM WDL-ATM 2042  +THUBARAHALLI BEML LAYBANGALORE    KA IN--		400.00	 	1,953.94
31 Aug 2015	31 Aug 2015	   BY TRANSFER-NEFT*CITI0100000*CITIN15577173044*TATA CONSULTANCY--	TRANSFER FROM 3199421044306	 	19,125.00	21,078.94
1 Sep 2015	1 Sep 2015	   ATM WDL-ATM 4644  +TAVANT TECH INDIA PVT BANGALORE-URBKAIN--		500.00	 	20,578.94
1 Sep 2015	1 Sep 2015	   BY TRANSFER-NEFT*KKBK0000958*KKBKH15244707770*DANDAMOODI CHAND--	TRANSFER FROM 3199414044305	 	7,000.00	27,578.94
1 Sep 2015	1 Sep 2015	   BY TRANSFER-NEFT*KKBK0000958*KKBKH15244708137*DANDAMOODI CHAND--	TRANSFER FROM 3199424044303	 	3,400.00	30,978.94
1 Sep 2015	1 Sep 2015	   TO TRANSFER-INB ICICI Bank Credit card    ICICI_CC Payments--	DSBI3996335398IG0APSIPX2               TRANSFER TO	1,848.34	 	29,130.60
3 Sep 2015	3 Sep 2015	   BY TRANSFER-NEFT*HDFC0000001*N246150091946674*YESHWANTH THODUP--	TRANSFER FROM 3199683044306	 	3,400.00	32,530.60
3 Sep 2015	3 Sep 2015	   ATM WDL-ATM 4958  +TAVANT TECH INDIA PVT BANGALORE-URBKAIN--		8,000.00	 	24,530.60
3 Sep 2015	3 Sep 2015	   BY TRANSFER-NEFT*ICIC0SF0002*827536735*VML RAVITEJA KODAT--	TRANSFER FROM 3199410044308	 	3,400.00	27,930.60
4 Sep 2015	4 Sep 2015	   ATM WDL-ATM 5151  +TAVANT TECH INDIA PVT BANGALORE-URBKAIN--		2,000.00	 	25,930.60
6 Sep 2015	6 Sep 2015	   TO TRANSFER-INB GRPT SBI0609153684320 V Janardhana--	GRPT INB: IZ11602209                              	10,305.00	 	15,625.60
8 Sep 2015	8 Sep 2015	   TO TRANSFER-INB Bro--	ITE6334086               TRANSFER TO 31794520117  	6,000.00	 	9,625.60
11 Sep 2015	11 Sep 2015	   TO TRANSFER-INB SBICARD FOR BILLDESK      SBICARD Payments--	DSBI4012955940IG0ARALLM8               TRANSFER TO	2,000.00	 	7,625.60
12 Sep 2015	12 Sep 2015	   ATM WDL-ATM CASH 6743  +SBI BEML LAYOUT      BANGALORE--		2,500.00	 	5,125.60
12 Sep 2015	12 Sep 2015	   TO TRANSFER-INB IMPS/P2A/525514839887/XXXXXXX434HDFC--	IMPS00002972883MO00096621               TRANSFER T	3,000.00	 	2,125.60
13 Sep 2015	13 Sep 2015	   TO TRANSFER-INB Commission of IMPS00002972883---	IMPS00002972883IXA4515686               TRANSFER T	5.70	 	2,119.90
14 Sep 2015	14 Sep 2015	   ATM WDL-ATM CASH 1477  +KORAMANGALA BRANCH    BANGALORE--		1,022.00	 	1,097.90
